1890 3546
88 553 367 698 MARCI
417 567 824 742 ANTONII

88 755 742 978 ·MquTi

63 1045 111 1114 In
134 1039 249 1112 librum
272 1041 546 1140 Juvarqrzrunr
569 1047 616 1120 ad
637 1039 838 1140 clariffimum

90 1145 94 1154 ⁵
129 1151 232 1225 virum
254 1152 376 1242 Ianum
403 1155 576 1224 Brinonem
602 1154 638 1220 in
653 1153 774 1245 sciram

90 1336 94 1344 ,
168 1259 345 1359 Ρρινίβεηβ
358 1262 568 1362 confiliariurn
593 1265 765 1358 Regium..

135 1419 138 1424 '
259 1397 703 1536 ramum(
769 1421 779 1428 ’“

79 1554 376 1677 SAEPENUMERO
396 1607 458 1670 sum
469 1611 639 1682 admiratus,
652 1607 721 1670 Jane
733 1607 844 1682 Brin03

73 1707 121 1766 v'ir
132 1701 313 1764 illustriffime
324 1750 334 1779 ‚
345 1726 404 1786 quo
422 1705 538 1766 tandem
547 1699 607 1766 fato
626 1706 798 1786 contigerit,
809 1719 843 1765 ut

75 1819 154 1870 cum
163 1819 191 1858 e
190 1795 292 1858 Gallia
310 1797 405 1904 nostra
428 1821 503 1880 pene
523 1799 745 1870 innumerabiles
767 1799 845 1858 exti-

75 1896 164 1976 terint
180 1893 210 1950 in
226 1895 306 1952 omni
319 1883 425 1988 genere
441 1891 563 1954 scientiae
582 1891 747 1974 praestantes
768 1893 845 1963 viri,

76 1991 231 2071 p'oe'tarum
244 1997 345 2054 'tamen
371 2003 473 2068 magna
491 1984 604 2068 semper
622 1985 740 2062 anobis
760 1982 846 2044 luerit

75 2083 178 2163 inopia
193 2081 374 2153 laboratum:
389 2080 477 2162 idque
499 2101 536 2141 eo
548 2079 738 2141 admirabilius
752 2078 846 2140 'videri

76 2173 201 2261 potest,
218 2174 298 2256 quod
318 2191 382 2255 quae
405 2174 442 2233 ad
463 2178 565 2256 poe'tas
583 2168 752 2234 efficiendos
775 2169 848 2252 plu-

76 2274 186 2332 rimum
205 2268 302 2328 valere
330 2267 486 2340 dicuntur,
506 2267 772 2350 ingenii'bonitas,
792 2265 846 2325 lin-

77 2383 201 2450 guarum
210 2361 327 2443 peritia,
339 2363 372 2422 &
388 2363 542 2440 multarum
557 2378 781 2442 magnarumque
798 2377 847 2418 re·
874 2369 875 2372 ’

1 2485 4 2488 ’
77 2479 147 2522 rum
168 2453 375 2536 comprehensa
394 2456 539 2536 cognitio,
561 2465 596 2513 ea
614 2455 644 2511 in
663 2451 846 2532 perplurimis

76 2549 247 2616 nostrorum
272 2548 447 2622 hominum,
468 2545 559 2606 nihilo
589 2545 700 2605 caeteris
724 2545 848 2604 nationi·

77 2649 156 2720 bus,
174 2663 211 2704 ne
226 2642 297 2724 quid
316 2642 491 2724 arrogantius
514 2641 631 2712 dicam,
650 2637 785 2700 inferiora
803 2651 849 2702 re·

79 2740 172 2822 periri
193 2751 313 2819 queunt.
331 2735 437 2818 Neque
452 2756 525 2796 vero
550 2733 622 2794 illud
637 2733 732 2794 dicere
751 2733 847 2815 possu-v

80 2851 168 2912 mus,
181 2825 348 2916 graviorum
358 2830 462 2892 artium
471 2827 596 2894 scientiae
612 2827 738 2891 addiilos'
751 2829 847 2904 homi-⁴

655 2924 675 2977 F
