2058 3656
200 269 245 346 ῃ
420 243 752 314 Ta.BazAE

306 354 359 410 Dic
372 354 458 419 milri,
475 354 633 424 cytheraea:
648 352 707 415 die,
727 351 843 420 Apollo:

269 443 337 506 Dic,
351 441 480 495 Hermes:
497 439 565 493 mihi
577 439 676 504 dicite,
693 437 711 490 ὂ
727 437 886 501 (Σειηοειιες

271 530 325 580 Cur
335 525 468 585 nostrum,
487 541 573 596 rogo,
589 541 737 578 cormeum
747 523 889 578 Macutum

157 627 159 638 ⁴
268 611 333 665 Paffi
348 610 409 665 estis
428 611 543 680 perimi?
558 614 600 664 An
617 611 706 664 minus
723 625 831 665 remoto

267 700 307 751 Ut
325 697 434 767 polletis
450 715 485 751 eo
501 698 570 762 frui,
584 697 614 750 in
626 698 749 749 Deorum

267 784 400 849 Adiuoolo
416 801 556 837 numerum
571 784 598 837 δι
614 780 787 836 beatitatem?

265 870 328 923 Tali
344 869 439 940 dignus
449 885 523 932 eras,
537 869 672 938 Olympe‚
684 867 760 921 cive:

268 953 329 1008 Tali
345 953 439 1023 dignus
450 970 507 1006 eras
517 954 616 1016 domo,
634 952 751 1005 Macute.

304 1040 430 1104 Habetis,
443 1041 554 1108 Superi,
566 1039 621 1092 mel
637 1035 741 1092 Macuti
776 1051 779 1057 ·

266 1129 347 1180 Nunc
365 1125 484 1179 divinam
497 1125 632 1184 animator
649 1137 675 1176 at
690 1121 780 1176 relicta
791 1121 873 1178 terris

267 1213 358 1264 Moles
370 1227 516 1280 corporea,
529 1210 576 1264 illa
591 1227 670 1280 quam
681 1207 784 1263 Macuri

266 1296 400 1350 Divinum
413 1296 551 1366 ingenium
567 1297 701 1351 incolebat
715 1297 792 1350 olim.

266 1384 327 1436 Vor
343 1369 431 1436 rorate
449 1383 580 1446 animam,
595 1382 662 1444 Dii,
678 1384 815 1451 Deaequer

265 1467 351 1522 Nobis
365 1467 487 1537 corporis
504 1467 543 1521 est
559 1469 678 1521 habenda
697 1485 769 1522 cura.

267 1557 328 1610 Hoc
342 1555 461 1609 dicamus
470 1555 497 1608 ei
506 1555 673 1624 sepulchrum
684 1554 781 1616 inanea

266 1641 335 1696 Hei!
351 1659 398 1694 cur
410 1657 465 1693 noo
483 1640 546 1695 licet
560 1656 685 1708 apparare
696 1641 813 1694 verum?

301 1726 371 1778 Audi
383 1741 468 1788 nunc,
486 1724 636 1792 ubicunque
650 1728 705 1792 sis,
717 1729 847 1785 Maeote:
888 1721 896 1740 '

266 1810 332 1865 Sive
346 1827 410 1863 cum
425 1811 496 1863 Jove
511 1826 581 1862 nunc
597 1808 693 1875 iocaris
704 1831 772 1879 una,
860 1849 863 1860 r

265 1899 306 1950 Ut
323 1896 387 1950 coeli
402 1913 491 1949 novus
507 1895 596 1948 incola
614 1897 640 1948 δι
660 1901 795 1962 colonus3

265 1983 332 2038 Sive
347 1997 373 2036 te
392 1982 483 2050 potius
496 1998 596 2035 novem
608 1982 735 2044 Sorores,

266 2067 453 2136 Paroaffusque
470 2081 542 2119 tenet
554 2067 688 2129 bicornis,
702 2071 775 2127 audi.
813 2087 814 2094 ¹

264 2153 305 2206 Te
322 2152 420 2206 vivum
436 2151 637 2210 mihisustulere
651 2157 720 2220 fata,
802 2175 808 2196 ·

265 2235 419 2292 Εκείῃᾶιωι
429 2255 537 2308 quoque
549 2239 672 2295 sustulere
683 2243 745 2298 lara.

264 2326 348 2396 Quod
363 2340 447 2388 onum
463 2325 542 2388 licet,
559 2326 601 2378 his
617 2341 664 2380 ruo
683 2325 828 2398 quotannis
928 2331 931 2338 '

263 2411 342 2466 Pares
360 2411 467 2464 inferias
480 2412 548 2464 dabo
566 2412 728 2482 sepulchro,

265 2500 304 2552 Ur
319 2513 381 2552 meo
397 2497 508 2567 Pyladi.
526 2513 641 2568 meoque
657 2503 763 2558 Achati.

267 2581 331 2645 Sic.
347 2582 394 2650 qui
407 2582 470 2642 furis
481 2583 531 2636 erit
549 2584 617 2638 mihi
636 2588 782 2656 loquendi,
806 2624 815 2636 .

267 2665 393 2720 vellendi
404 2667 470 2724 mihi
485 2669 548 2724 finis
563 2669 600 2723 est
615 2673 718 2727 futurus

265 2751 291 2804 T
292 2767 326 2816 e,
342 2769 431 2812 meum
441 2755 586 2826 Pyladem,
600 2774 744 2833 meumque
753 2761 892 2824 Achatem.
