1890 3546
230 223 659 304 PRAEFA'TIO.
761 253 824 326 125

64 343 118 414 bus
137 341 243 408 affidue
259 366 416 430 occupatus
429 349 584 424 distineor,
595 351 632 412 ad
647 352 708 410 haec
724 349 829 411 exscri-

62 439 194 516 benda,
221 442 253 503 δι
285 444 314 502 in
343 443 475 512 ordinem
504 462 650 527 utcunque
672 444 829 526 redigenda

61 531 147 604 sumsr
165 556 175 608 3
194 555 259 596 nam
275 539 419 618 perpolite
439 541 472 601 &
490 539 589 600 limare
605 532 762 600 accuratius
774 553 830 599 ne·

60 647 119 708 que
140 648 316 711 magnopere
339 631 466 706 libebat,
487 654 582 715 neque
597 651 650 715 per
670 653 737 710 eas,
755 655 828 716 quas

59 719 154 781 modo
168 720 247 794 dixi,
264 727 471 804 occupationes
493 726 605 788 licebat.
627 726 694 786 Feci
708 743 827 800 autern,

61 813 144 894 quod
156 814 317 896 locupletes
329 819 473 880 interdum
490 820 636 901 oenopolae
654 818 764 894 solent,
777 823 828 903 qui

59 907 151 968 multa
173 908 332 991 hospitibus
350 914 409 975 vini
429 933 535 994 genera
557 912 693 996 gustanda
716 925 828 996 propo·

59 1017 151 1074 nunt‚
169 1002 301 1065 elesluris
317 1005 398 1086 quod
413 1006 450 1066 ad
470 1006 595 1087 palatum
610 1009 732 1068 maxime
752 1006 827 1068 sece-

59 1097 98 1156 rit
116 1118 126 1156 r
141 1117 208 1158 nam
230 1099 270 1158 ita
286 1099 321 1161 &a
337 1120 390 1160 noa
414 1100 505 1162 multa
529 1103 698 1182 poemation
720 1119 827 1184 genera

58 1191 282 1274 proposuimus,
300 1193 373 1256 utsr
392 1194 467 1256 sorte
493 1197 527 1254 in
547 1195 643 1277 aliquo
670 1192 826 1257 lesloribus

57 1285 220 1350 fecissemus
243 1287 333 1360 satis,
353 1290 386 1348 in·
402 1309 439 1350 eo
464 1289 546 1371 plura
573 1310 664 1371 porro
688 1291 826 1350 emittere

59 1402 258 1465 pergeremus.
276 1382 343 1443 Hoc
363 1391 459 1444 autem
477 1384 613 1467 quicquid
637 1400 697 1445 erat
712 1384 825 1454 libelli,

58 1475 204 1542 Iuvenilia
229 1473 381 1537 inscribere
394 1477 533 1557 placuit,
555 1476 628 1538 utsr
652 1479 722 1560 quid
746 1477 825 1540 sorte

58 1569 206 1630 interdum
223 1565 353 1628 lascivius
376 1569 483 1628 dislum
503 1568 591 1642 esset,
604 1569 663 1651 ipsa
678 1592 732 1632 nos
747 1574 825 1653 apud

58 1661 220 1724 severiores
239 1658 383 1722 excusaret
402 1661 558 1745 inscriptio.
577 1663 624 1724 Ac
653 1666 734 1725 initio
761 1668 825 1748 qui·

59 1757 129 1828 dem
148 1757 336 1819 decreveram
354 1777 422 1818 eum
440 1759 548 1818 nemini
560 1757 692 1841 cuiquam
706 1757 823 1832 dicare,

57 1853 159 1933 utqui
177 1853 247 1912 tanti
280 1848 335 1912 effe
357 1871 428 1914 non¹
446 1851 610 1912 ducerem:
630 1851 711 1933 quod
733 1850 824 1913 const·

58 1945 132 2006 lium
142 1966 190 2006 cur
200 1941 301 2027 postea
314 1946 489 2006 mutaverim
499 1943 667 2026 ,intelliges
676 1943 754 2006 Cum
764 1944 823 2026 jam

56 2042 89 2104 in
107 2059 145 2101 eo
163 2037 334 2101 excudendo
351 2036 458 2100 librarii
476 2035 581 2109 essent,
595 2036 671 2098 sorte
691 2036 737 2099 die
751 2059 824 2120 quo·

56 2136 130 2196 dam
148 2134 273 2204 accidit,
290 2149 322 2196 ut
340 2153 378 2194 ex
396 2130 553 2194 studiorum
572 2132 717 2194 laboribus
731 2132 824 2216 pejus·

42 2228 127 2289 cule
149 2248 197 2288 me
217 2225 365 2288 haberem.
385 2225 502 2290 Venere
520 2228 557 2288 ad
573 2249 641 2300 me,
656 2249 710 2309 pro
727 2226 823 2289 nostra

58 2321 262 2392 familiaritate,
271 2318 382 2382 Comes
396 2320 538 2382 Alcinous
548 2364 558 2393 ‚
568 2321 594 2383 J.
602 2321 747 2381 Antonius
758 2319 822 2382 Bai·

58 2415 138 2489 fius,
154 2413 313 2495 Stephanus
328 2414 478 2488 lodellus,
496 2430 528 2474 ut
554 2414 682 2495 alloquio
706 2412 756 2475 suo
789 2418 822 2478 ὃ(

56 2526 172 2595 partem
189 2528 261 2569 meae
277 2505 417 2569 molestiae
437 2507 611 2581 allevarent,
633 2509 666 2570 δι
686 2509 821 2587 paulatim

43 2607 222 2674 ,eximerent
244 2601 333 2663 diem.
358 2599 402 2661 lbi
418 2600 516 2661 multis
530 2601 607 2664 ultro
623 2603 754 2686 citroque
774 2605 822 2665 ha·

46 2699 127 2774 ,bitis
139 2696 255 2771 verbis,
266 2695 382 2758 tandem
395 2694 432 2755 cle
446 2694 490 2756 his
502 2697 590 2756 etiam
602 2698 684 2780 nugis
701 2697 821 2780 injeslus

59 2790 102 2856 cst
120 2790 215 2856 sermo
235 2809 246 2864 3
265 2785 428 2884 primusque
445 2786 553 2852 Baifius
572 2793 687 2873 rogavit
703 2812 738 2854 ex
755 2811 821 2862 me,

575 2887 595 2940 F
616 2886 646 2954 iij
