1890 3546
285 209 589 276 Saarna.
749 227 810 304 ης

50 311 117 365 Non
125 325 171 366 aut
182 311 298 382 virtute,
310 317 433 388 ingenuis
441 328 492 370 'aut
505 317 604 372 artibus
618 316 695 386 (illas

51 397 173 464 {pse-tua
185 418 219 454 ert
230 420 308 473 aequo
320 421 381 457 curu
394 406 466 458 nuda
479 395 577 474 novit)
590 397 616 457 ar
628 401 682 458 astu

8 554 13 559 .
53 483 155 539 Sensim
168 488 312 544 subducens
321 491 401 544 fatuis
410 491 557 560 fundosque
568 531 576 556 ‚
589 479 729 563 laresquei

55 570 174 626 Tandem
182 575 236 628 huc
245 577 372 644 pervenit
384 595 392 630 r
404 577 486 629 rabidi
497 593 567 630 nunc
578 595 652 632 more
665 579 754 635 leonis
799 567 800 570 Ἴ

55 657 189 714 Ventrem
198 661 275 730 adipe
283 661 841 736 insontum&miserorumsanguinefarcit,

93 745 191 814 Aspice
202 748 307 802 &hunc
318 747 365 818 qui
375 748 495 813 diducto.
506 766 554 802 ceu
566 750 654 816 simia,
666 751 734 805 ridiu
792 819 795 823 .

56 830 148 886 Putris
157 833 276 906 gingiva
290 823 397 898 viduata
410 833 502 888 sedilia
515 835 617 905 pandit.

96 919 226 986 Quotidie
235 922 308 975 hunc
318 921 410 976 videas
422 921 500 975 nitidi
512 922 558 976 suis
568 923 683 992 primula
694 923 758 978 solis

58 1004 187 1073 Lumina,
198 1023 258 1060 cum
271 1007 388 1077 trepidus
399 1007 502 1077 postico
516 1009 610 1062 limine
622 1005 716 1064 t'urtint

60 1095 167 1152 Emittit
181 1111 238 1151 tota
251 1113 377 1152 vexatam
393 1097 471 1174 nodie
486 1099 621 1167 puellam,

60 1185 165 1254 Repete
178 1185 306 1254 paulatim
321 1202 369 1253 per
384 1184 490 1252 delubra
497 1177 615 1248 omnia,
630 1184 657 1236 δι
675 1182 733 1238 ἱΙΙίσ

63 1271 178 1342 obstipo
189 1271 296 1342 capite,
313 1273 339 1325 δι
354 1270 545 1341 trepidantibus
557 1272 644 1341 'usque
659 1269 762 1325 labellis

62 1361 142 1413 Nunc
159 1360 224 1424 has,
239 1353 310 1412 nunc
327 1358 385 1412 illas
401 1357 533 1428 provolvi
546 1373 673 1412 cernuum
692 1362 724 1413 ad
740 1363 814 1414 aras:

63 1446 138 1501 Hinc
150 1445 254 1499 rediens
269 1462 327 1498 non
343 1445 389 1496 ille
402 1444 498 1512 inopes
516 1444 632 1516 fraudere
649 1447 768 1513 recuset,

62 1535 131 1587 Non
145 1530 257 1585 delatori
274 1529 389 1600 perjuria
402 1531 518 1581 vendere
539 1530 647 1594 Cordo,
694 1568 698 1578 .

64 1623 133 1675 Non
141 1619 226 1672 facere
237 1615 345 1680 omnia,
356 1614 469 1685 quae'vel
481 1613 567 1667 dicere
576 1615 626 1668 vix
637 1615 669 1668 fit
680 1616 828 1672 honestum.

4 1703 6 1706 ’
65 1706 136 1759 Vim
146 1718 222 1774 putat
231 1705 298 1758 haue
309 1703 417 1758 demens
428 1693 677 1756 esse‘in'lunralibus
689 1703 783 1769 undis,

67 1794 173 1862 Perque
184 1793 279 1863 globos
289 1790 411 1860 precibus
426 1787 543 1842 distradia
555 1804 644 1843 mente
655 1791 759 1845 volutis

69 1881 109 1934 Ut
121 1880 140 1932 fi
155 1881 201 1932 vel
216 1877 275 1931 caui
290 1875 411 1946 jugulum
425 1873 507 1943 patris
521 1875 582 1926 ense
596 1876 733 1941 resolvat,

68 1965 230 2021 Dummodo
240 1964 368 2016 mortales
377 1955 621 2029 oculoseffugerit‚
633 1959 691 2029 ipse

70 2050 187 2108 Conscia
198 2052 303 2106 securus
314 2060 486 2102 contemnere
496 2045 597 2099 lumina
608 2045 700 2114 possiu
781 2059 787 2102 J

112 2141 139 2195 Ο
148 2140 156 2192 1
166 2129 327 2192 imulatores
338 2171 345 2197 .
356 2148 453 2189 tetrum
466 2149 546 2202 pecus
557 2147 605 2200 ,ut
615 2134 682 2190 mihi
694 2133 764 2207 saepe

74 2227 133 2281 Bile
148 2224 220 2292 ieeur
231 2224 319 2280 vitrea
335 2219 479 2276 diffinditur
493 2218 539 2272 ista
553 2219 648 2274 tuenti.

52 2322 71 2344 ²
115 2310 228 2374 Creditis
239 2310 287 2364 esse
298 2311 387 2363 Deum
397 2309 468 2361 coelo
482 2305 533 2376 qui
539 2306 602 2362 talia
615 2308 713 2363 curet?

77 2399 227 2470 Exprimite
238 2399 291 2450 hoc
301 2394 387 2472 fadis.
396 2389 461 2446 Noo
471 2391 577 2446 creditis
588 2396 599 2447 i
609 2393 714 2458 abjicite
725 2409 791 2463 ergo

79 2488 159 2552 Hunc
166 2487 273 2540 fucum,
284 2481 310 2534 δι
321 2481 398 2532 vultu
407 2477 475 2530 ruite
485 2476 515 2534 in
523 2478 607 2532 scelus
617 2494 698 2532 omne
708 2479 819 2534 teredio.

80 2575 140 2627 Hos
154 2588 207 2644 ego
222 2572 355 2622 larvarum
369 2579 451 2634 genus
462 2562 607 2617 exitialiter
620 2565 676 2619 odi.
759 2579 760 2584 ’

105 2663 156 2716 Sed
164 2649 839 2730 quidegoenumeransnequicquamtingtdaeonor?

82 2734 842 2813 Rescaretillamodo‚generaipsaevolverelongumest.

58 2820 60 2824 ¹
84 2838 197 2906 stupra,
207 2829 277 2896 doli,
285 2826 407 2892 fraudes,
418 2821 548 2896 periuria,
559 2824 642 2893 furta,
654 2826 769 2897 rapine,
