1890 3546
122 208 239 282 128.'”'
346 214 395 282 M
422 221 648 292 vuar-'tf
713 219 715 224 “

115 322 225 379 sancius
237 323 364 393 Hymen,
378 324 424 392 qui
441 323 558 377 seducras
576 337 686 376 amatre
702 321 804 390 puellas

153 409 275 482 Abripit,
287 409 439 478 inque'viri
454 413 568 466 coliocat
584 409 638 479 ipse
653 409 709 461 finu
724 407 737 459 ἒ
807 459 808 462 ,

117 500 153 553 At
163 501 207 561 ru,
218 515 276 566 quae
289 495 317 548 in
328 513 371 550 me
382 497 468 550 oculis
477 495 592 548 ‘nimium
603 489 769 549 violentibus
780 483 825 546 usa
835 496 847 558 ,'

154 584 232 636 Nunc
248 582 333 651 spolia
345 599 360 636 e
374 581 464 636 nostro
480 583 605 653 sanguine
616 585 707 651 opima
719 581 817 642 refers,

118 669 178 723 Hos
187 685 313 722 numeros
322 668 400 721 hilari
409 667 491 739 (quid
497 670 569 721 enim
578 667 669 722 vetat?
679 667 689 734 )
698 669 787 734 accipe
795 664 882 748 vultu,

155 757 189 808 Et
206 755 286 822 vide,
300 769 330 808 ut
347 755 377 808 in
390 757 519 824 speculo,
534 755 597 824 quid
613 769 658 807 rua
672 754 759 807 sorma
775 763 864 821 queat.

324 1011 690 1075 ELEGJAH.
761 1047 764 1052 -

126 1119 285 1236 Parma
302 1198 370 1237 mee
385 1181 506 1252 quisquis
519 1182 692 1236 deliramenta
710 1178 845 1248 juventaefi
864 1177 867 1188 '

162 1268 195 1318 Et
211 1267 345 1336 specimen
359 1269 448 1322 renuis
460 1269 568 1338 respicis
584 1269 704 1339 ingenii:

125 1353 169 1407 Sic
187 1353 256 1419 tibi,
268 1355 287 1406 si
306 1356 370 1423 quid
383 1373 474 1420 amas,
493 1358 595 1427 semper
608 1358 746 1429 contingat
760 1355 855 1412 auuari.¹

163 1441 270 1494 Invidia
283 1458 404 1506 vacuus,
420 1443 440 1496 sl
456 1444 524 1514 legis
540 1444 604 1508 ista,
619 1447 713 1516 legas;

52 1573 55 1580 .
127 1528 186 1590 Nec
200 1527 252 1590 ribi,
265 1527 299 1580 sit-
312 1530 392 1582 duros
409 1528 503 1583 acuiffe
523 1531 551 1584 in
565 1531 681 1584 carmina
700 1532 812 1594 dentes,
851 1561 852 1564 =
870 1545 872 1550 ’

135 1637 136 1642 ’
167 1613 290 1668 Carmina
306 1630 364 1683 quae
376 1615 491 1684 propriis
503 1616 602 1685 scripsit
614 1619 697 1669 Amor
710 1615 843 1668 manibuS.

131 1703 183 1770 Seu
194 1703 253 1754 sunt
264 1714 338 1770 grata
348 1699 414 1764 tibi,
426 1717 477 1769 qua
488 1702 575 1754 fronte
586 1699 717 1770 placentia
728 1702 819 1770 culpes
829 1698 842 1752 ἓ
872 1695 877 1704 '

167 1787 223 1846 Seu
237 1785 324 1838 minua
333 1823 342 1850 ‚
352 1785 447 1854 ecquis,
459 1799 486 1840 re
500 1787 574 1858 cogit
590 1802 620 1840 ut
635 1787 681 1840 illa
694 1789 766 1857 legas
778 1789 790 1842 ἓ

131 1873 204 1927 Seria
219 1872 239 1926 si
258 1871 372 1944 quaeris,
388 1888 444 1926 non
462 1872 522 1926 suut
541 1870 587 1928 hie
601 1873 687 1940 seria,
701 1873 788 1928 lecim
798 1889 811 1927 a

168 1960 288 2014 Scribere
305 1975 451 2014 amatorem
469 1960 534 2013 seria
550 1959 624 2030 posse
638 1964 735 2030 puras?

132 2051 192 2106 Nos
208 2049 283 2118 ignes
290 2047 422 2109 canimus,
440 2048 516 2114 pueri
535 2065 588 2100 nos,
606 2051 657 2101 tela
672 2046 811 2114 volantis‚‘

171 2133 272 2184 Omine
286 2149 342 2186 non
356 2131 439 2184 fausto
458 2131 565 2200 cognita
580 2134 632 2186 tela
646 2134 713 2186 mihi
726 2152 735 2196 ς

133 2221 167 2272 Er
180 2218 333 2281 dominam,
345 2216 420 2281 cujus
433 2216 479 2268 sub
493 2233 598 2269 amoena
615 2219 703 2273 fronte
717 2222 839 2275 relucent
875 2223 882 2262 '-

171 2305 284 2359 Lumina
301 2302 406 2356 sidereis
422 2304 517 2355 aemuia
532 2303 692 2359 luminibus:

135 2394 250 2448 Lumina
260 2389 384 2446 materies
397 2388 498 2442 ardoris
514 2389 632 2444 maxima
649 2390 751 2456 nostri,
801 2431 803 2436 .
877 2395 881 2400 “

173 2480 303 2544 Lumina,
320 2495 379 2548 quae
396 2491 513 2530 mentem
529 2477 676 2546 surripuere
692 2479 770 2534 mihi.

137 2569 203 2623 flaec
215 2568 334 2638 egosola
346 2579 456 2623 canam,
467 2565 531 2616 dum
542 2563 636 2618 floriua
646 2584 695 2619 ver
708 2582 767 2637 aget
778 2582 840 2623 aetas
853 2567 884 2627 es

175 2653 215 2705 Sit
226 2653 320 2720 procul
329 2650 395 2703 hinc
402 2650 503 2720 tragico
514 2650 629 2720 syrmate
641 2653 718 2705 Musa
728 2669 846 2710 tumens.

138 2740 200 2798 1²0st
210 2778 217 2804 ‚
229 2756 288 2794 mea
298 2755 359 2792 cum
370 2736 448 2790 multi
458 2735 617 2806 distinguent
628 2751 746 2804 tempora
755 2740 831 2806 cani,
881 2749 889 2784 ²·

176 2824 291 2892 ¹Venerit
308 2825 335 2882 δι
350 2824 465 2879 tremulo
480 2839 560 2876 curva
574 2822 677 2878 senecta
696 2826 775 2895 gradu
782 2861 797 2892 ‚3
839 2851 848 2864 -
