1890 3546
228 240 384 310 P'RAE
407 243 486 312 ΓΑ
517 242 589 312 TI
614 237 664 313 Os
755 263 829 338 123'

56 381 94 426 ut
106 371 151 425 ies
160 362 209 426 v'el
217 364 254 424 ad
263 362 405 426 summum
416 364 576 446 pervenisse
590 364 649 448 jani
660 411 670 440 ,
680 366 729 427 vel
744 383 824 428 certe

57 458 137 520 haud
153 461 193 518 ita
210 459 303 520 multo
317 459 382 542 post
403 478 574 541 perventura
594 460 651 522 esse
677 453 826 525 videndun

57 551 144 614 Idem
159 553 189 612 in
209 553 306 636 lingua
317 554 417 615 Latina
430 555 552 615 muitum
563 555 662 631 abest,
676 573 708 618 ut
725 556 837 618 dicere

58 647 166 709 liceat:
187 650 218 708 in
239 669 295 731 qua
312 669 379 710 cum
396 669 433 728 ex
452 650 600 712 veten'bus
620 650 657 710 ab
675 650 827 726 Ausonio,

60 763 100 803 ex
118 744 328 804 recentioribus
348 764 365 804 a
383 741 553 816 Salmonio,
576 747 608 808 δι
629 745 691 805 aliis
712 747 828 806 duobus

60 835 158 908 sorte,
175 854 225 898 aut
239 836 382 898 summum
394 838 484 900 tribus
501 837 670 912 discesseris,
682 857 714 900 ut
727 838 839 902 Graeci‘

61 932 221 1012 proverbio
241 933 340 993 dicunt
360 931 417 994 esse
434 933 543 995 multos
559 935 676 1016 quidem
701 937 751 1019 qui
771 927 838 998 bo⁴3

62 1047 117 1089 ves
142 1025 308 1100 stimulent,
335 1025 386 1086 sed
412 1047 491 1087 raros
516 1043 661 1104 aratores,
686 1023 727 1090 ita¹
751 1031 829 1093 dicad

61 1121 182 1196 licebit,
199 1122 307 1182 multos
320 1121 438 1203 quidem
453 1119 509 1182 esse
524 1125 571 1203 qui
591 1117 830 1200 v'ersun'sncia-'nss¹

62 1218 115 1280 sed
124 1218 371 1298 raros‚planeque
387 1212 584 1298 εὐοιριθμήτες
598 1216 645 1298 (ι)
657 1221 769 1299 po'e'c'es.
779 1218 840 1282 De'

63 1315 98 1373 iis
110 1311 236 1394 loquor,
249 1313 297 1393 qui
310 1308 413 1391 scripta
425 1308 472 1370 sua
486 1312 516 1369 in
530 1311 677 1391 publicum
688 1313 807 1376 edidere
819 1333 838 1374 t¹

64 1407 123 1470 scio
140 1408 219 1467 enim
238 1407 270 1467 &
288 1404 361 1464 alios
375 1401 431 1464 esse
445 1403 486 1463 sat
498 1405 626 1478 multos,
648 1408 681 1468 &
700 1408 832 1489 inprimis
848 1419 849 1422 ’

65 1523 134 1564 eum
150 1520 238 1583 quem
248 1499 330 1582 supra
340 1499 508 1570 nominavi,
518 1499 659 1560 ioannem
668 1503 830 1575 Auratum,

65 1597 115 1680 qui
123 1595 175 1658 vel
183 1593 279 1669 solus,
294 1592 345 1655 vel
358 1595 501 1675 praecipue
514 1638 524 1668 ,
539 1591 687 1676 siquando
696 1596 745 1657 sua
758 1600 836 1659 emi·

65 1692 151 1764 serit,
166 1685 391 1759 effedumsest,
405 1707 441 1747 ne
456 1687 574 1748 ulterius
590 1687 656 1749 suos
666 1689 836 1764 'Jov'ianod

65 1787 183 1855 Adios,
200 1782 327 1856 Molsas,
338 1781 596 1843 Flaminios'ltaliae
616 1787 746 1847 invideat
762 1786 833 1848 Gal·

65 1887 115 1947 lia.
137 1881 214 1944 Cum
233 1882 317 1963 igitur
329 1875 389 1953 ,ut
410 1876 447 1937 ad
467 1875 624 1939 institutum
646 1880 786 1952 redeam,
801 1883 832 1940 in

66 1993 150 2044 tenta
167 1977 349 2058 ingeniorum
366 1971 513 2043 bonitate,
525 1973 555 2030 in
570 1987 650 2032 tanto
661 1971 835 2035 dosiiffimo·

67 2085 133 2134 rum
149 2071 278 2131 virorum
296 2081 461 2149 proventu,
479 2066 509 2125 in
523 2081 601 2126 tanta
617 2066 833 2130 adolescentum

66 2168 201 2252 poitices
217 2153 408 2225 studiosorum
426 2160 782 2246 aemulotione,'quas1que
796 2167 835 2225 ri·

67 2261 185 2328 viditate
196 2303 206 2333 ,
216 2275 324 2320 tantam
338 2260 489 2338 pe'e'ta‘mm
501 2258 643 2318 raritatem
653 2259 834 2319 animadver-

67 2374 127 2430 to;
146 2354 217 2415 nihil
236 2351 297 2414 sere
319 2351 396 2412 aliud
422 2349 599 2412 comminisci
627 2349 759 2432 possum,
780 2350 833 2412 nisi

70 2449 128 2513 osse
146 2447 313 2530 quandam,
331 2462 363 2506 ut
391 2459 559 2504 caeterarum
580 2463 676 2504 rerum
690 2467 709 2518 ‚⁴
721 2449 761 2506 ita
778 2444 835 2507 stu·

71 2547 188 2606 diorum
205 2559 322 2626 quoque
332 2536 603 2619 tempestivitatem,
617 2535 750 2622 statisque
760 2549 836 2622 quo-

72 2637 233 2702 dammodo
251 2634 318 2698 coeli
343 2630 579 2695 conversionibus
595 2629 674 2706 fieri,
689 2651 722 2695 ut
741 2637 835 2698 modo

75 2739 105 2801 in
121 2737 196 2812 hac,
213 2731 306 2795 modo
328 2731 359 2792 in
381 2727 431 2789 illa
453 2725 585 2789 facultate
605 2730 677 2790 certi
703 2729 834 2795 homines

107 2873 146 2942 (ι)
164 2859 212 2926 'Vel
225 2870 308 2936 digitis
320 2853 483 2917 numerandos.

603 2943 660 3012 cn
