2058 3656
272 177 300 246 S
319 193 351 248 ‘r
375 195 398 248 a
425 194 455 250 ν
474 183 523 250 a:
729 197 771 250 ιι

33 277 113 342 Carnu
123 283 177 342 iter
184 327 193 354 ,
201 283 367 360 ,latebrasque
377 291 446 359 petit
456 287 642 344 tremebundus
654 303 760 358 opacas.

36 369 90 427 ldis
104 389 160 428 erat
170 375 274 439 David,
286 378 395 444 pulchra
407 393 486 446 quem
497 393 582 430 uxore
592 376 723 443 potitum,

35 457 114 530 Nilque
126 462 215 514 minus
226 464 299 515 coelo
316 476 477 516 metuentem
489 464 557 515 clara
570 464 693 516 Deorum

35 543 131 600 lumina
144 562 309 614 terruerant,
326 549 353 601 δι
368 550 475 618 cognita
489 549 560 602 vatis
574 547 674 619 imago.

36 627 105 685 Multa
119 631 233 686 estante
248 637 342 688 oculos
358 635 467 688 Bersabe
483 653 491 694 3
504 649 530 688 at
546 638 617 688 nulla
633 638 735 689 calores
781 644 786 661 ¹

36 713 93 772 brus
110 718 215 773 flamma
231 722 300 789 parit
311 737 319 772 ε
331 719 418 774 vilius
432 736 492 774 cum
508 735 591 774 matre
610 721 732 790 Cupido.

36 801 146 872 Etpavor
157 804 186 857 in
200 823 290 859 vacuo
303 808 375 860 solus
389 805 442 872 jam
458 805 566 875 pebiore
578 821 679 877 regnat.

36 887 94 952 Quid
104 891 180 944 saciat
192 894 204 946 ,²
215 909 280 945 num
292 895 336 946 vel
352 893 476 945 miserum
488 894 514 946 se
525 910 559 946 ex
570 911 628 947 arce
641 896 763 963 suprema

36 971 188 1044 Principitet,
199 981 244 1031 vel
256 978 400 1032 visceribus
411 980 518 1032 crudum
530 980 621 1034 induat
632 982 720 1034 ensem
731 979 744 1032 i

36 1058 93 1113 llum
101 1062 208 1115 veniam
218 1065 345 1131 exposcat
355 1103 363 1129 ,
373 1063 501 1134 judasque
512 1081 632 1120 avertere
640 1068 744 1120 Divum

37 1145 142 1199 sonetur
153 1149 297 1218 lachrymis
309 1149 362 1201 iras
377 1147 388 1199 i
405 1149 502 1202 Palatia
514 1167 587 1219 pone

37 1231 133 1287 lntrurn
145 1248 202 1287 erat
211 1236 371 1288 horrendum
378 1234 467 1298 ,stabii
476 1233 527 1304 qua
538 1235 653 1290 culmina
662 1234 763 1312 montis

37 1317 119 1374 laesas
136 1319 210 1374 vasta
222 1323 374 1374 claudebant
391 1323 463 1375 mole
476 1337 619 1382 eavemas3

37 1405 177 1460 Horrebant
188 1407 260 1459 mbis
272 1409 325 1460 late
338 1406 444 1466 omnia,
456 1408 482 1462 δι
494 1407 610 1478 undique
622 1407 728 1473 semer,

37 1492 177 1564 humique,
191 1493 350 1563 tribulique,
368 1492 463 1546 &Soli
479 1492 571 1562 ignota
584 1509 696 1562 vorago.

62 1583 125 1636 Haec
135 1580 220 1650 igitur
233 1581 344 1649 pavidus
356 1578 461 1637 sublimi
471 1577 561 1630 David
570 1579 601 1631 ab
612 1595 672 1631 arce

37 1665 133 1736 lingula
147 1665 294 1742 spatiabat,
308 1667 400 1720 dubius
414 1663 551 1728 vitamne,
562 1679 689 1716 necemne

37 1749 139 1822 Eligeret
155 1771 162 1806 ε
177 1741 248 1806 nunc
263 1735 361 1806 eoelum
375 1751 463 1805 oculis
473 1766 552 1820 arque
562 1749 741 1821 astra'petebat

37 1836 180 1901 Attonitum,
193 1838 268 1908 largo
276 1839 351 1891 'nune
360 1837 463 1906 turgida
472 1836 572 1889 lumina
583 1835 649 1888 fletu

38 1922 92 1976 lixa
100 1926 206 1978 tenebat
214 1923 291 1976 humi
301 1941 310 1984 ς
320 1924 426 1977 tandem
436 1920 604 1990 circunspicit
613 1933 732 1982 antrum,

38 2011 63 2063 Et
70 2027 135 2064 mox
146 2011 208 2064 :Tu
218 2008 300 2062 nostri
311 2010 421 2073 domus,
431 2006 519 2077 inquit
530 2045 538 2072 ‚
550 2004 655 2060 conscia
664 2003 760 2068 ludius,

27 2098 73 2151 ''su
85 2097 152 2151 mibi
167 2090 240 2151 tellis
256 2095 309 2149 eris
320 2093 449 2163 justorum
461 2094 517 2147 sola
533 2094 655 2145 dolorum
668 2108 677 2150 ;

38 2182 73 2236 Sir
84 2185 172 2238 faveas
184 2182 275 2236 nostro
287 2181 432 2235 rubicunda
444 2196 480 2233 ex
493 2177 604 2232 crimine
619 2177 692 2230 Luna
705 2194 713 2230 r

39 2269 123 2333 (Forte
129 2285 185 2324 erat
191 2305 201 2333 ,,
207 2281 252 2322 aut
260 2267 317 2321 visa
323 2267 358 2319 est
368 2266 467 2320 Phoebe
473 2262 665 2331 rubicundior).
674 2263 709 2314 At
716 2278 768 2318 voa

41 2357 138 2419 Sidera,
156 2375 216 2428 qua,-
228 2353 333 2408 invisos
349 2350 431 2404 toties
444 2349 545 2405 vidistis
560 2365 681 2412 amores,

42 2442 166 2498 binorum
179 2441 295 2512 spectate
309 2438 409 2492 virum.
428 2436 474 2490 Sic
486 2435 554 2488 satur
565 2471 573 2498 ‚
585 2436 710 2488 eburnam

43 2531 170 2600 Suspendit
181 2545 252 2583 zona
267 2525 411 2582 citharam,
425 2538 476 2592 qua
492 2521 581 2574 suetus
598 2520 639 2572 ad·
648 2534 743 2574 ornnes

44 2615 129 2672 Mentis
147 2629 205 2672 erat
221 2630 298 2670 curas
314 2611 372 2675 uti,
390 2625 441 2678 qua
458 2608 526 2676 sape
542 2607 651 2660 sonante

43 2701 172 2772 Depulerat
183 2705 275 2758 savos
294 2695 407 2751 inimico
426 2696 440 2744 l
457 2710 519 2764 rege
533 2693 644 2746 furores.

43 2788 100 2861 drgo
114 2792 188 2860 abit,
206 2802 291 2860 arque
305 2783 370 2856 sago
385 2781 489 2836 velatus
507 2779 623 2834 membra
633 2779 736 2834 cucullo
743 2799 759 2856 ,·
