1882 3548
97 173 162 250 'w
330 182 667 252 Tn.ann

114 286 220 343 Cunila·
230 288 323 358 silent,
340 293 465 362 claroque
478 291 576 345 micant
593 287 750 345 nitidissima
764 289 835 347 coelo
854 287 858 336 Ῑ

114 373 225 428 Sidera:
241 375 380 444 sonipedis
398 390 462 431 tunc
476 377 587 430 nuncius
604 393 664 429 arce
678 376 804 446 quievit,
853 413 857 420 ·
875 440 879 441 ἶ

114 459 148 520 Et
163 476 229 522 mox
238 461 378 516 humanam
391 461 402 528 (
410 462 481 516 dittu
496 461 636 531 mirabile)
651 463 771 516 sormam

114 544 255 611 induitur,
271 547 392 617 vatisque
408 549 472 601 latet
490 548 536 601 sub
552 546 669 618 imagine
686 549 810 608 Narbans
895 589 898 598 .

115 630 192 696 itatis
207 634 301 686 ardens
316 633 419 697 oeulis,
433 636 562 703 vultuque
578 633 697 699 minaci,
791 679 792 682 ,

117 716 162 771 Sic
177 717 280 772 medios
298 718 367 772 inter
383 719 493 773 somnos
509 721 699 788 reprehendere
714 718 816 774 crimen

70 839 72 844 .
117 801 215 868 Visus,
235 806 261 859 dt
277 804 386 876 ingratae
400 805 482 858 scelus
497 806 658 876 exprobrare
668 806 790 861 senecta.

155 890 244 954 Tene,
254 889 291 943 ait
300 929 308 954 ‚
317 890 335 944 ὀ
345 907 437 961 regum
448 907 496 944 rex
504 890 627 959 peffime,
639 906 702 945 tene
714 892 829 962 quietem

118 973 867 1046 Ducere,quentadpoenamposcuntproimmanibusausts
892 1029 893 1050 3

119 1060 228 1114 Tartara
239 1060 249 1113 i
259 1062 302 1116 Sic
311 1061 393 1133 igitur
402 1075 506 1130 turpem
517 1062 652 1115 traducere
661 1061 750 1116 vitam

120 1146 268 1215 Amplexus
278 1149 381 1204 medios
392 1146 462 1201 inter
472 1185 481 1212 ‚
493 1148 654 1218 geminoque
664 1162 808 1204 nocentem

122 1232 245 1286 Crimine
255 1271 264 1298 ,
275 1236 407 1286 coelorum
417 1234 455 1287 sas
467 1233 504 1286 est
513 1251 635 1288 convexa
645 1234 715 1287 tueri
727 1233 739 1286 l

51 1357 54 1364 .
121 1318 178 1384 Qui
191 1319 296 1384 Divos,
308 1319 355 1388 qui
365 1334 392 1372 te
401 1359 410 1383 ,
420 1321 600 1389 patriamque,
611 1320 726 1388 tuosque
735 1315 847 1372 scelestos
897 1385 898 1392 ἵ

120 1404 271 1458 Prodideris
281 1442 289 1469 ‚
301 1423 350 1461 nec
360 1423 389 1460 tu
399 1408 539 1465 somnum,
552 1407 669 1477 iestique
680 1407 788 1475 superbi
896 1451 898 1478 ‚

121 1489 241 1544 Delicias
254 1492 359 1561 linques
373 1491 475 1546 Divum
487 1509 616 1548 venturus
629 1494 662 1546 ad
676 1495 757 1549 atas?

121 1577 205 1647 Atqui
219 1593 325 1648 ternpus
335 1579 399 1644 etit,
412 1596 528 1643 moneo,
538 1597 597 1633 tum
610 1581 681 1632 cede
694 1594 801 1632 tuorum

122 1664 184 1729 Ipse
198 1667 292 1717 oculos
306 1665 411 1732 pasces,
427 1664 544 1738 bellique
555 1664 696 1717 domestica
713 1664 818 1734 surgent

124 1746 249 1805 Semina,
267 1747 294 1800 sc
308 1747 418 1802 incestus
429 1786 436 1809 ,
449 1749 475 1804 &
488 1750 597 1802 fratrum
611 1751 723 1802 vulnera
738 1764 834 1802 cernes.

124 1831 167 1886 Tu
178 1835 260 1886 modo
272 1833 347 1888 flesse
358 1834 431 1887 Deos
442 1835 594 1904 lachrymis.
605 1835 704 1889 Sicilie
714 1837 833 1900 locutus,

123 1917 250 1986 Protinus
263 1920 292 1972 in
306 1933 397 1974 tenues
413 1921 517 1990 fugiens
531 1921 641 1974 evanuit
654 1937 740 1994 auras.

124 2005 162 2057 At
176 2005 264 2058 David
279 2007 407 2069 monitis,
424 2007 450 2057 bt
461 2009 529 2060 clara
543 2021 613 2059 voce
627 2007 751 2060 Deorum

125 2092 265 2145 Attonitus
276 2130 285 2153 ,
296 2107 367 2144 nunc
382 2091 485 2146 invisos
502 2092 603 2146 accusat
618 2108 742 2152 amores,

124 2177 204 2229 Nunc
218 2172 290 2248 juii'p
305 2175 428 2238 meminit
439 2176 552 2241 mortis,
566 2177 719 2247 crimenque
735 2178 829 2231 fatetur

126 2259 269 2314 Conscius.
279 2261 353 2331 ,Ergo
369 2275 433 2316 toro
450 2261 519 2332 vigil
530 2262 625 2327 exilit,
643 2265 670 2316 bt
684 2264 729 2317 sua
744 2261 839 2333 pugnis

126 2344 236 2398 Pedium
244 2347 878 2418 contundens,sceptrumq;‚autamq;‚coronanqs

126 2431 244 2500 nhjicit,
261 2433 287 2486 bc
304 2447 390 2502 partes
405 2434 521 2487 animum
533 2434 670 2498 convertit
685 2434 714 2487 in
726 2451 839 2492 omnes:

126 2520 166 2572 Ut
179 2519 268 2589 Libye
283 2520 303 2576 n
318 2519 377 2589 quis
392 2519 504 2572 sitientia
520 2536 579 2572 rura
592 2519 682 2576 viator

127 2603 200 2670 Dum
216 2602 299 2671 petit,
319 2605 347 2658 in
361 2604 455 2658 mediis
468 2603 565 2659 saevam
579 2603 719 2673 conspexit
733 2604 819 2658 arenis

128 2679 237 2761 Tigride¹
248 2692 308 2754 ‚vei
321 2690 430 2746 maculis
445 2689 594 2746 intinctum
607 2704 679 2761 terga
695 2691 851 2760 draconem,

128 2774 229 2832 Horret
240 2776 272 2832 ad
283 2775 415 2850 aspesiutn
424 2773 735 2850 trepidus‚coepturnque
744 2775 871 2848 relinquit
