<?xml version="1.0" encoding="UTF-8"?>
<!DOCTYPE html PUBLIC "-//W3C//DTD XHTML 1.0 Transitional//EN"
    "http://www.w3.org/TR/xhtml1/DTD/xhtml1-transitional.dtd">
<html xmlns="http://www.w3.org/1999/xhtml" xml:lang="en" lang="en">
 <head>
  <title>
</title>
<meta http-equiv="Content-Type" content="text/html;charset=utf-8" />
  <meta name='ocr-system' content='tesseract 3.04.00' />
  <meta name='ocr-capabilities' content='ocr_page ocr_carea ocr_par ocr_line ocrx_word'/>
</head>
<body>
  <div class='ocr_page' id='page_1' title='image "amoenitatespoet00janugoog_0119.png"; bbox 0 0 1890 3546; ppageno 0'>
   <div class='ocr_carea' id='block_1_1' title="bbox 121 233 709 335">
    <p class='ocr_par' dir='ltr' id='par_1_1' title="bbox 121 233 709 335">
     <span class='ocr_line' id='line_1_1' title="bbox 121 233 709 335; baseline -0.009 -21"><span class='ocrx_word' id='word_1_1' title='bbox 121 265 194 335; x_wconf 75' lang='lat' dir='ltr'>n4</span> <span class='ocrx_word' id='word_1_2' title='bbox 282 233 709 314; x_wconf 66' lang='lat' dir='ltr'><em>PRAEFATIOE</em></span> 
     </span>
    </p>
   </div>
   <div class='ocr_carea' id='block_1_2' title="bbox 116 355 894 823">
    <p class='ocr_par' dir='ltr' id='par_1_2' title="bbox 116 355 894 823">
     <span class='ocr_line' id='line_1_2' title="bbox 117 355 894 448; baseline -0.009 -22"><span class='ocrx_word' id='word_1_3' title='bbox 117 363 277 448; x_wconf 78' lang='lat' dir='ltr'>praeliantes</span> <span class='ocrx_word' id='word_1_4' title='bbox 303 364 336 425; x_wconf 76' lang='grc' dir='ltr'>δι</span> <span class='ocrx_word' id='word_1_5' title='bbox 360 363 467 446; x_wconf 82' lang='lat' dir='ltr'>egregii</span> <span class='ocrx_word' id='word_1_6' title='bbox 498 361 625 424; x_wconf 84' lang='lat' dir='ltr'>existant.</span> <span class='ocrx_word' id='word_1_7' title='bbox 650 361 745 442; x_wconf 87' lang='lat' dir='ltr'>Quod</span> <span class='ocrx_word' id='word_1_8' title='bbox 769 358 791 420; x_wconf 83' lang='lat' dir='ltr'>fi</span> <span class='ocrx_word' id='word_1_9' title='bbox 813 355 894 433; x_wconf 73' lang='lat' dir='ltr'>est3‘</span> 
     </span>
     <span class='ocr_line' id='line_1_3' title="bbox 116 452 877 539; baseline -0.012 -19"><span class='ocrx_word' id='word_1_10' title='bbox 116 461 196 526; x_wconf 91' lang='lat' dir='ltr'>bona</span> <span class='ocrx_word' id='word_1_11' title='bbox 206 457 269 539; x_wconf 89' lang='lat' dir='ltr'>spes</span> <span class='ocrx_word' id='word_1_12' title='bbox 280 477 328 518; x_wconf 87' lang='lat' dir='ltr'>me</span> <span class='ocrx_word' id='word_1_13' title='bbox 336 473 417 517; x_wconf 87' lang='lat' dir='ltr'>tenet</span> <span class='ocrx_word' id='word_1_14' title='bbox 424 455 544 530; x_wconf 87' lang='lat' dir='ltr'>fore,ut</span> <span class='ocrx_word' id='word_1_15' title='bbox 557 457 608 518; x_wconf 88' lang='lat' dir='ltr'>sub</span> <span class='ocrx_word' id='word_1_16' title='bbox 615 457 742 517; x_wconf 88' lang='lat' dir='ltr'>Henrico</span> <span class='ocrx_word' id='word_1_17' title='bbox 750 452 798 535; x_wconf 86' lang='lat' dir='ltr'>(t)</span> <span class='ocrx_word' id='word_1_18' title='bbox 808 471 877 535; x_wconf 82' lang='lat' dir='ltr'>rege</span> 
     </span>
     <span class='ocr_line' id='line_1_4' title="bbox 117 544 879 632; baseline -0.02 -14"><span class='ocrx_word' id='word_1_19' title='bbox 117 550 352 618; x_wconf 79' lang='lat' dir='ltr'>Christianiffimo</span> <span class='ocrx_word' id='word_1_20' title='bbox 364 595 375 626; x_wconf 90' lang='lat'>,</span> <span class='ocrx_word' id='word_1_21' title='bbox 389 566 524 632; x_wconf 84' lang='lat' dir='ltr'><strong>tanquam</strong></span> <span class='ocrx_word' id='word_1_22' title='bbox 550 552 623 612; x_wconf 91' lang='lat' dir='ltr'>olim</span> <span class='ocrx_word' id='word_1_23' title='bbox 646 549 697 610; x_wconf 90' lang='lat' dir='ltr'>sub</span> <span class='ocrx_word' id='word_1_24' title='bbox 722 544 879 629; x_wconf 84' lang='lat' dir='ltr'>Augusto,</span> 
     </span>
     <span class='ocr_line' id='line_1_5' title="bbox 116 641 879 731; baseline -0.013 -22"><span class='ocrx_word' id='word_1_25' title='bbox 116 651 269 731; x_wconf 84' lang='lat' dir='ltr'>po&#39;e&#39;tarum</span> <span class='ocrx_word' id='word_1_26' title='bbox 286 647 399 728; x_wconf 82' lang='lat' dir='ltr'>ingenia</span> <span class='ocrx_word' id='word_1_27' title='bbox 410 647 577 709; x_wconf 84' lang='lat' dir='ltr'>excitentur.</span> <span class='ocrx_word' id='word_1_28' title='bbox 592 645 634 706; x_wconf 84' lang='lat' dir='ltr'>At</span> <span class='ocrx_word' id='word_1_29' title='bbox 651 646 688 706; x_wconf 88' lang='lat' dir='ltr'>de</span> <span class='ocrx_word' id='word_1_30' title='bbox 705 645 748 705; x_wconf 86' lang='lat' dir='ltr'>his</span> <span class='ocrx_word' id='word_1_31' title='bbox 761 641 879 725; x_wconf 90' lang='lat' dir='ltr'>quidem</span> 
     </span>
     <span class='ocr_line' id='line_1_6' title="bbox 117 735 877 823; baseline -0.012 -20"><span class='ocrx_word' id='word_1_32' title='bbox 117 743 182 804; x_wconf 86' lang='lat' dir='ltr'>satis</span> <span class='ocrx_word' id='word_1_33' title='bbox 200 755 275 803; x_wconf 89' lang='lat' dir='ltr'>nunc</span> <span class='ocrx_word' id='word_1_34' title='bbox 295 761 303 801; x_wconf 76' lang='grc' dir='ltr'>ι</span> <span class='ocrx_word' id='word_1_35' title='bbox 320 757 435 822; x_wconf 88' lang='lat' dir='ltr'>tempus</span> <span class='ocrx_word' id='word_1_36' title='bbox 454 739 519 816; x_wconf 84' lang='lat' dir='ltr'>est,</span> <span class='ocrx_word' id='word_1_37' title='bbox 536 757 568 802; x_wconf 89' lang='lat' dir='ltr'>ut</span> <span class='ocrx_word' id='word_1_38' title='bbox 582 741 619 801; x_wconf 91' lang='lat' dir='ltr'>de</span> <span class='ocrx_word' id='word_1_39' title='bbox 636 737 747 823; x_wconf 90' lang='lat' dir='ltr'>meipso</span> <span class='ocrx_word' id='word_1_40' title='bbox 765 737 818 797; x_wconf 86' lang='lat' dir='ltr'>tibi</span> <span class='ocrx_word' id='word_1_41' title='bbox 832 735 877 795; x_wconf 91' lang='lat' dir='ltr'>di·</span> 
     </span>
    </p>
   </div>
   <div class='ocr_carea' id='block_1_3' title="bbox 80 923 898 2982">
    <p class='ocr_par' dir='ltr' id='par_1_3' title="bbox 80 923 898 2888">
     <span class='ocr_line' id='line_1_7' title="bbox 117 923 879 1010; baseline -0.012 -18"><span class='ocrx_word' id='word_1_42' title='bbox 117 933 152 992; x_wconf 89' lang='lat'>&amp;</span> <span class='ocrx_word' id='word_1_43' title='bbox 171 949 187 990; x_wconf 89' lang='lat' dir='ltr'>a</span> <span class='ocrx_word' id='word_1_44' title='bbox 206 931 334 1002; x_wconf 87' lang='lat' dir='ltr'>teneris,</span> <span class='ocrx_word' id='word_1_45' title='bbox 353 942 386 988; x_wconf 90' lang='lat' dir='ltr'>ut</span> <span class='ocrx_word' id='word_1_46' title='bbox 403 925 500 989; x_wconf 75' lang='lat' dir='ltr'>Graeci</span> <span class='ocrx_word' id='word_1_47' title='bbox 519 928 638 1002; x_wconf 83' lang='lat' dir='ltr'>dicunt,</span> <span class='ocrx_word' id='word_1_48' title='bbox 655 925 813 1010; x_wconf 82' lang='lat' dir='ltr'>unguiculis</span> <span class='ocrx_word' id='word_1_49' title='bbox 828 923 879 984; x_wconf 87' lang='lat' dir='ltr'>ad·</span> 
     </span>
     <span class='ocr_line' id='line_1_8' title="bbox 118 1019 879 1104; baseline -0.003 -22"><span class='ocrx_word' id='word_1_50' title='bbox 118 1021 242 1096; x_wconf 80' lang='lat' dir='ltr'>mirabili</span> <span class='ocrx_word' id='word_1_51' title='bbox 269 1021 397 1104; x_wconf 90' lang='lat' dir='ltr'>quodam</span> <span class='ocrx_word' id='word_1_52' title='bbox 413 1023 541 1103; x_wconf 68' lang='lat' dir='ltr'>poitices</span> <span class='ocrx_word' id='word_1_53' title='bbox 570 1023 668 1084; x_wconf 87' lang='lat' dir='ltr'>amore</span> <span class='ocrx_word' id='word_1_54' title='bbox 694 1019 879 1103; x_wconf 70' lang='lat' dir='ltr'>flagrarem«,</span> 
     </span>
     <span class='ocr_line' id='line_1_9' title="bbox 119 1115 885 1200; baseline -0.008 -23"><span class='ocrx_word' id='word_1_55' title='bbox 119 1115 209 1200; x_wconf 81' lang='lat' dir='ltr'>multa</span> <span class='ocrx_word' id='word_1_56' title='bbox 227 1117 315 1177; x_wconf 83' lang='lat' dir='ltr'>ctiam</span> <span class='ocrx_word' id='word_1_57' title='bbox 336 1133 410 1196; x_wconf 89' lang='lat' dir='ltr'>pene</span> <span class='ocrx_word' id='word_1_58' title='bbox 436 1116 466 1174; x_wconf 83' lang='lat' dir='ltr'>in&#39;</span> <span class='ocrx_word' id='word_1_59' title='bbox 488 1116 568 1176; x_wconf 89' lang='lat' dir='ltr'>omui</span> <span class='ocrx_word' id='word_1_60' title='bbox 595 1135 700 1198; x_wconf 86' lang='lat' dir='ltr'>genere</span> <span class='ocrx_word' id='word_1_61' title='bbox 724 1115 885 1182; x_wconf 71' lang='lat' dir='ltr'>carminis,</span> 
     </span>
     <span class='ocr_line' id='line_1_10' title="bbox 118 1207 879 1291; baseline -0.011 -19"><span class='ocrx_word' id='word_1_62' title='bbox 118 1228 257 1282; x_wconf 80' lang='lat' dir='ltr'>veteres,</span> <span class='ocrx_word' id='word_1_63' title='bbox 273 1207 369 1291; x_wconf 89' lang='lat' dir='ltr'>quoad</span> <span class='ocrx_word' id='word_1_64' title='bbox 395 1227 446 1289; x_wconf 91' lang='lat' dir='ltr'>per</span> <span class='ocrx_word' id='word_1_65' title='bbox 474 1209 551 1269; x_wconf 88' lang='lat' dir='ltr'>vires</span> <span class='ocrx_word' id='word_1_66' title='bbox 576 1208 722 1279; x_wconf 85' lang='lat' dir='ltr'>licuerat,</span> <span class='ocrx_word' id='word_1_67' title='bbox 751 1209 879 1267; x_wconf 84' lang='lat' dir='ltr'>imitatus</span> 
     </span>
     <span class='ocr_line' id='line_1_11' title="bbox 119 1299 882 1385; baseline -0.008 -20"><span class='ocrx_word' id='word_1_68' title='bbox 119 1299 342 1382; x_wconf 86' lang='lat' dir='ltr'>conscripseram</span> <span class='ocrx_word' id='word_1_69' title='bbox 359 1321 370 1374; x_wconf 85' lang='lat'>3</span> <span class='ocrx_word' id='word_1_70' title='bbox 390 1322 533 1382; x_wconf 91' lang='lat' dir='ltr'>quorum,</span> <span class='ocrx_word' id='word_1_71' title='bbox 557 1303 644 1383; x_wconf 90' lang='lat' dir='ltr'>paulo</span> <span class='ocrx_word' id='word_1_72' title='bbox 666 1301 801 1385; x_wconf 86' lang='lat' dir='ltr'>grandior</span> <span class='ocrx_word' id='word_1_73' title='bbox 824 1299 882 1360; x_wconf 86' lang='lat' dir='ltr'>fac-</span> 
     </span>
     <span class='ocr_line' id='line_1_12' title="bbox 119 1392 898 1476; baseline 0.003 -18"><span class='ocrx_word' id='word_1_74' title='bbox 119 1416 165 1462; x_wconf 82' lang='lat' dir='ltr'>tus</span> <span class='ocrx_word' id='word_1_75' title='bbox 174 1441 186 1470; x_wconf 95' lang='lat'>,</span> <span class='ocrx_word' id='word_1_76' title='bbox 201 1394 338 1457; x_wconf 88' lang='lat' dir='ltr'>nonnulla</span> <span class='ocrx_word' id='word_1_77' title='bbox 354 1392 531 1476; x_wconf 86' lang='lat' dir='ltr'>Tardipedi,</span> <span class='ocrx_word' id='word_1_78' title='bbox 547 1413 580 1457; x_wconf 92' lang='lat' dir='ltr'>ut</span> <span class='ocrx_word' id='word_1_79' title='bbox 593 1399 634 1458; x_wconf 86' lang='lat' dir='ltr'>ait</span> <span class='ocrx_word' id='word_1_80' title='bbox 651 1395 797 1471; x_wconf 85' lang='lat' dir='ltr'>Catullus,</span> <span class='ocrx_word' id='word_1_81' title='bbox 809 1393 880 1456; x_wconf 86' lang='lat' dir='ltr'>Deo</span> <span class='ocrx_word' id='word_1_82' title='bbox 896 1455 898 1460; x_wconf 91' lang='lat'><em>.</em></span> 
     </span>
     <span class='ocr_line' id='line_1_13' title="bbox 120 1486 881 1571; baseline 0 -21"><span class='ocrx_word' id='word_1_83' title='bbox 120 1487 412 1564; x_wconf 81' lang='lat' dir='ltr'>dicarant,nonnulla</span> <span class='ocrx_word' id='word_1_84' title='bbox 420 1486 765 1571; x_wconf 81' lang='lat' dir='ltr'>projeceram,nonnulla</span> <span class='ocrx_word' id='word_1_85' title='bbox 776 1491 881 1562; x_wconf 86' lang='lat' dir='ltr'>etiam,</span> 
     </span>
     <span class='ocr_line' id='line_1_14' title="bbox 120 1583 882 1667; baseline -0.013 -17"><span class='ocrx_word' id='word_1_86' title='bbox 120 1602 154 1650; x_wconf 87' lang='lat' dir='ltr'>ut</span> <span class='ocrx_word' id='word_1_87' title='bbox 173 1583 227 1660; x_wconf 86' lang='lat' dir='ltr'>fit,</span> <span class='ocrx_word' id='word_1_88' title='bbox 246 1603 335 1666; x_wconf 90' lang='lat' dir='ltr'>penes</span> <span class='ocrx_word' id='word_1_89' title='bbox 361 1601 409 1643; x_wconf 90' lang='lat' dir='ltr'>me</span> <span class='ocrx_word' id='word_1_90' title='bbox 428 1584 689 1666; x_wconf 75' lang='lat' dir='ltr'>retinueram&#39;Ea</span> <span class='ocrx_word' id='word_1_91' title='bbox 703 1586 788 1667; x_wconf 83' lang='lat' dir='ltr'>igitur</span> <span class='ocrx_word' id='word_1_92' title='bbox 816 1601 882 1642; x_wconf 93' lang='lat' dir='ltr'>cum</span> 
     </span>
     <span class='ocr_line' id='line_1_15' title="bbox 121 1676 884 1761; baseline -0.003 -22"><span class='ocrx_word' id='word_1_93' title='bbox 121 1679 200 1740; x_wconf 90' lang='lat' dir='ltr'>haud</span> <span class='ocrx_word' id='word_1_94' title='bbox 220 1681 259 1738; x_wconf 90' lang='lat' dir='ltr'>ita</span> <span class='ocrx_word' id='word_1_95' title='bbox 282 1676 395 1758; x_wconf 87' lang='lat' dir='ltr'>pridem</span> <span class='ocrx_word' id='word_1_96' title='bbox 415 1679 512 1742; x_wconf 81' lang='lat' dir='ltr'>amicis</span> <span class='ocrx_word' id='word_1_97' title='bbox 527 1677 695 1760; x_wconf 88' lang='lat' dir='ltr'>quibusdam</span> <span class='ocrx_word' id='word_1_98' title='bbox 714 1681 803 1752; x_wconf 88' lang='lat' dir='ltr'>meis,</span> <span class='ocrx_word' id='word_1_99' title='bbox 822 1679 884 1761; x_wconf 92' lang='lat' dir='ltr'>qui·</span> 
     </span>
     <span class='ocr_line' id='line_1_16' title="bbox 123 1770 883 1854; baseline 0.003 -22"><span class='ocrx_word' id='word_1_100' title='bbox 123 1773 177 1840; x_wconf 86' lang='lat' dir='ltr'>bus</span> <span class='ocrx_word' id='word_1_101' title='bbox 200 1791 256 1854; x_wconf 83' lang='lat' dir='ltr'>ego</span> <span class='ocrx_word' id='word_1_102' title='bbox 269 1770 424 1852; x_wconf 91' lang='lat' dir='ltr'>plurimum</span> <span class='ocrx_word' id='word_1_103' title='bbox 438 1770 473 1828; x_wconf 78' lang='lat' dir='ltr'>in·</span> <span class='ocrx_word' id='word_1_104' title='bbox 484 1770 541 1831; x_wconf 90' lang='lat' dir='ltr'>hoc</span> <span class='ocrx_word' id='word_1_105' title='bbox 556 1791 665 1854; x_wconf 85' lang='lat' dir='ltr'>genere·</span> <span class='ocrx_word' id='word_1_106' title='bbox 678 1773 772 1832; x_wconf 87' lang='lat' dir='ltr'>tribuo</span> <span class='ocrx_word' id='word_1_107' title='bbox 784 1818 794 1847; x_wconf 89' lang='lat'>,</span> <span class='ocrx_word' id='word_1_108' title='bbox 804 1794 883 1834; x_wconf 87' lang='lat' dir='ltr'>com·</span> 
     </span>
     <span class='ocr_line' id='line_1_17' title="bbox 123 1862 884 1940; baseline 0.001 -13"><span class='ocrx_word' id='word_1_109' title='bbox 123 1862 326 1940; x_wconf 64' lang='lat' dir='ltr'>muniadam,</span> <span class='ocrx_word' id='word_1_110' title='bbox 341 1883 402 1925; x_wconf 93' lang='lat' dir='ltr'>non</span> <span class='ocrx_word' id='word_1_111' title='bbox 418 1865 459 1924; x_wconf 88' lang='lat' dir='ltr'>eis</span> <span class='ocrx_word' id='word_1_112' title='bbox 479 1862 571 1925; x_wconf 90' lang='lat' dir='ltr'>solum</span> <span class='ocrx_word' id='word_1_113' title='bbox 589 1866 631 1928; x_wconf 93' lang='lat' dir='ltr'>illi</span> <span class='ocrx_word' id='word_1_114' title='bbox 646 1865 786 1928; x_wconf 90' lang='lat' dir='ltr'>calculum</span> <span class='ocrx_word' id='word_1_115' title='bbox 803 1863 884 1928; x_wconf 89' lang='lat' dir='ltr'>suum</span> 
     </span>
     <span class='ocr_line' id='line_1_18' title="bbox 125 1957 885 2043; baseline -0.004 -21"><span class='ocrx_word' id='word_1_116' title='bbox 125 1959 261 2043; x_wconf 79' lang='lat' dir='ltr'>adjecere</span> <span class='ocrx_word' id='word_1_117' title='bbox 274 1978 396 2034; x_wconf 84' lang='lat' dir='ltr'>,verum</span> <span class='ocrx_word' id='word_1_118' title='bbox 409 1959 494 2018; x_wconf 88' lang='lat' dir='ltr'>etiam</span> <span class='ocrx_word' id='word_1_119' title='bbox 511 1957 639 2022; x_wconf 74' lang='lat' dir='ltr'>auclores</span> <span class='ocrx_word' id='word_1_120' title='bbox 657 1959 728 2022; x_wconf 89' lang='lat' dir='ltr'>mihi</span> <span class='ocrx_word' id='word_1_121' title='bbox 746 1957 885 2034; x_wconf 88' lang='lat' dir='ltr'>fuerunt,</span> 
     </span>
     <span class='ocr_line' id='line_1_19' title="bbox 126 2048 887 2136; baseline -0.003 -20"><span class='ocrx_word' id='word_1_122' title='bbox 126 2072 158 2116; x_wconf 91' lang='lat' dir='ltr'>ut</span> <span class='ocrx_word' id='word_1_123' title='bbox 175 2052 289 2114; x_wconf 90' lang='lat' dir='ltr'>edenda</span> <span class='ocrx_word' id='word_1_124' title='bbox 309 2071 410 2111; x_wconf 89' lang='lat' dir='ltr'>eorum</span> <span class='ocrx_word' id='word_1_125' title='bbox 438 2048 537 2112; x_wconf 86' lang='lat' dir='ltr'>saltem</span> <span class='ocrx_word' id='word_1_126' title='bbox 556 2054 650 2136; x_wconf 86' lang='lat' dir='ltr'>aliqua</span> <span class='ocrx_word' id='word_1_127' title='bbox 671 2070 750 2136; x_wconf 86' lang='lat' dir='ltr'>parte</span> <span class='ocrx_word' id='word_1_128' title='bbox 779 2052 887 2134; x_wconf 78' lang='lat' dir='ltr'>judicia</span> 
     </span>
     <span class='ocr_line' id='line_1_20' title="bbox 80 2142 887 2228; baseline -0.002 -18"><span class='ocrx_word' id='word_1_129' title='bbox 80 2181 81 2186; x_wconf 41' lang='lat'>1</span> <span class='ocrx_word' id='word_1_130' title='bbox 127 2148 278 2212; x_wconf 88' lang='lat' dir='ltr'>hominum</span> <span class='ocrx_word' id='word_1_131' title='bbox 300 2143 455 2224; x_wconf 86' lang='lat' dir='ltr'>experirer.</span> <span class='ocrx_word' id='word_1_132' title='bbox 486 2142 620 2206; x_wconf 82' lang='lat' dir='ltr'>Allensus</span> <span class='ocrx_word' id='word_1_133' title='bbox 644 2144 726 2217; x_wconf 89' lang='lat' dir='ltr'>sum,</span> <span class='ocrx_word' id='word_1_134' title='bbox 751 2163 783 2206; x_wconf 93' lang='lat' dir='ltr'>ut</span> <span class='ocrx_word' id='word_1_135' title='bbox 805 2147 887 2228; x_wconf 90' lang='lat' dir='ltr'>quod</span> 
     </span>
     <span class='ocr_line' id='line_1_21' title="bbox 127 2234 888 2323; baseline 0 -22"><span class='ocrx_word' id='word_1_136' title='bbox 127 2258 234 2314; x_wconf 50' lang='lat' dir='ltr'>verum¹</span> <span class='ocrx_word' id='word_1_137' title='bbox 250 2234 291 2297; x_wconf 88' lang='lat' dir='ltr'>est</span> <span class='ocrx_word' id='word_1_138' title='bbox 318 2237 440 2317; x_wconf 82' lang='lat' dir='ltr'>ingenue</span> <span class='ocrx_word' id='word_1_139' title='bbox 459 2234 566 2312; x_wconf 81' lang='lat' dir='ltr'>fatear,</span> <span class='ocrx_word' id='word_1_140' title='bbox 582 2259 642 2300; x_wconf 91' lang='lat' dir='ltr'>non</span> <span class='ocrx_word' id='word_1_141' title='bbox 656 2239 813 2300; x_wconf 87' lang='lat' dir='ltr'>admodum</span> <span class='ocrx_word' id='word_1_142' title='bbox 826 2261 888 2323; x_wconf 82' lang='lat' dir='ltr'>gra·</span> 
     </span>
     <span class='ocr_line' id='line_1_22' title="bbox 123 2328 891 2415; baseline -0.001 -19"><span class='ocrx_word' id='word_1_143' title='bbox 123 2343 195 2396; x_wconf 71' lang='lat' dir='ltr'>‘vate</span> <span class='ocrx_word' id='word_1_144' title='bbox 210 2355 219 2414; x_wconf 76' lang='lat'><em>3</em></span> <span class='ocrx_word' id='word_1_145' title='bbox 233 2346 300 2392; x_wconf 82' lang='lat' dir='ltr'>tum</span> <span class='ocrx_word' id='word_1_146' title='bbox 316 2328 396 2412; x_wconf 86' lang='lat' dir='ltr'>quod</span> <span class='ocrx_word' id='word_1_147' title='bbox 414 2349 459 2390; x_wconf 87' lang='lat' dir='ltr'>res</span> <span class='ocrx_word' id='word_1_148' title='bbox 481 2351 541 2392; x_wconf 94' lang='lat' dir='ltr'>non</span> <span class='ocrx_word' id='word_1_149' title='bbox 556 2335 650 2415; x_wconf 85' lang='lat' dir='ltr'>magni</span> <span class='ocrx_word' id='word_1_150' title='bbox 668 2332 786 2413; x_wconf 86' lang='lat' dir='ltr'>periculi</span> <span class='ocrx_word' id='word_1_151' title='bbox 804 2335 891 2396; x_wconf 85' lang='lat' dir='ltr'>vide·</span> 
     </span>
     <span class='ocr_line' id='line_1_23' title="bbox 129 2421 891 2505; baseline -0.003 -15"><span class='ocrx_word' id='word_1_152' title='bbox 129 2444 208 2498; x_wconf 81' lang='lat' dir='ltr'>retur</span> <span class='ocrx_word' id='word_1_153' title='bbox 224 2448 235 2502; x_wconf 83' lang='lat'>3</span> <span class='ocrx_word' id='word_1_154' title='bbox 255 2441 317 2485; x_wconf 89' lang='lat' dir='ltr'>tum</span> <span class='ocrx_word' id='word_1_155' title='bbox 336 2422 416 2505; x_wconf 91' lang='lat' dir='ltr'>quod</span> <span class='ocrx_word' id='word_1_156' title='bbox 435 2421 517 2486; x_wconf 87' lang='lat' dir='ltr'>facile</span> <span class='ocrx_word' id='word_1_157' title='bbox 536 2425 714 2488; x_wconf 84' lang='lat' dir='ltr'>confiderem</span> <span class='ocrx_word' id='word_1_158' title='bbox 734 2425 798 2487; x_wconf 84' lang='lat' dir='ltr'>fore</span> <span class='ocrx_word' id='word_1_159' title='bbox 816 2447 891 2504; x_wconf 89' lang='lat' dir='ltr'>me,</span> 
     </span>
     <span class='ocr_line' id='line_1_24' title="bbox 130 2517 892 2604; baseline -0.004 -19"><span class='ocrx_word' id='word_1_160' title='bbox 130 2523 246 2604; x_wconf 72' lang='lat' dir='ltr'>finon,</span> <span class='ocrx_word' id='word_1_161' title='bbox 266 2537 298 2582; x_wconf 92' lang='lat' dir='ltr'>ut</span> <span class='ocrx_word' id='word_1_162' title='bbox 313 2520 352 2578; x_wconf 86' lang='lat' dir='ltr'>ait</span> <span class='ocrx_word' id='word_1_163' title='bbox 364 2517 523 2592; x_wconf 87' lang='lat' dir='ltr'>Horatius,</span> <span class='ocrx_word' id='word_1_164' title='bbox 535 2538 696 2582; x_wconf 84' lang='lat' dir='ltr'>extremum</span> <span class='ocrx_word' id='word_1_165' title='bbox 707 2523 867 2602; x_wconf 88' lang='lat' dir='ltr'>primomm</span> <span class='ocrx_word' id='word_1_166' title='bbox 880 2567 892 2597; x_wconf 90' lang='lat'>,</span> 
     </span>
     <span class='ocr_line' id='line_1_25' title="bbox 131 2605 893 2695; baseline 0 -18"><span class='ocrx_word' id='word_1_167' title='bbox 131 2632 257 2688; x_wconf 78' lang='lat' dir='ltr'>atcerte</span> <span class='ocrx_word' id='word_1_168' title='bbox 285 2605 420 2674; x_wconf 85' lang='lat' dir='ltr'>extremis</span> <span class='ocrx_word' id='word_1_169' title='bbox 442 2611 531 2694; x_wconf 89' lang='lat' dir='ltr'>usque</span> <span class='ocrx_word' id='word_1_170' title='bbox 561 2617 698 2695; x_wconf 87' lang='lat' dir='ltr'>priorem.</span> <span class='ocrx_word' id='word_1_171' title='bbox 728 2611 893 2677; x_wconf 89' lang='lat' dir='ltr'>Subsecivis</span> 
     </span>
     <span class='ocr_line' id='line_1_26' title="bbox 131 2705 895 2795; baseline 0.004 -26"><span class='ocrx_word' id='word_1_172' title='bbox 131 2714 217 2795; x_wconf 85' lang='lat' dir='ltr'>igitur</span> <span class='ocrx_word' id='word_1_173' title='bbox 234 2709 336 2786; x_wconf 78' lang='lat' dir='ltr'>horis,</span> <span class='ocrx_word' id='word_1_174' title='bbox 350 2706 467 2788; x_wconf 83' lang='lat' dir='ltr'>aliquod</span> <span class='ocrx_word' id='word_1_175' title='bbox 484 2705 556 2766; x_wconf 90' lang='lat' dir='ltr'>mihi</span> <span class='ocrx_word' id='word_1_176' title='bbox 573 2705 781 2787; x_wconf 89' lang='lat' dir='ltr'>tempusculum</span> <span class='ocrx_word' id='word_1_177' title='bbox 798 2729 816 2770; x_wconf 91' lang='lat' dir='ltr'>a</span> <span class='ocrx_word' id='word_1_178' title='bbox 831 2710 895 2790; x_wconf 85' lang='lat' dir='ltr'>phi·</span> 
     </span>
     <span class='ocr_line' id='line_1_27' title="bbox 133 2798 896 2888; baseline 0.003 -23"><span class='ocrx_word' id='word_1_179' title='bbox 133 2803 293 2888; x_wconf 84' lang='lat' dir='ltr'>losophiae,</span> <span class='ocrx_word' id='word_1_180' title='bbox 312 2802 345 2863; x_wconf 77' lang='grc' dir='ltr'>δι</span> <span class='ocrx_word' id='word_1_181' title='bbox 359 2799 429 2882; x_wconf 84' lang='lat' dir='ltr'>juris</span> <span class='ocrx_word' id='word_1_182' title='bbox 446 2798 538 2868; x_wconf 74' lang='lat' dir='ltr'>civilis</span> <span class='ocrx_word' id='word_1_183' title='bbox 555 2799 808 2884; x_wconf 65' lang='lat' dir='ltr'>praeleclionibus,</span> <span class='ocrx_word' id='word_1_184' title='bbox 829 2806 896 2888; x_wconf 58' lang='lat' dir='ltr'>qui-,</span> 
     </span>
    </p>

    <p class='ocr_par' dir='ltr' id='par_1_4' title="bbox 169 2891 857 2982">
     <span class='ocr_line' id='line_1_28' title="bbox 169 2891 857 2982; baseline -0.009 -31"><span class='ocrx_word' id='word_1_185' title='bbox 169 2902 208 2970; x_wconf 85' lang='lat'>(1)</span> <span class='ocrx_word' id='word_1_186' title='bbox 224 2897 362 2982; x_wconf 55' lang='lat' dir='ltr'>Secundo„</span> <span class='ocrx_word' id='word_1_187' title='bbox 491 2899 494 2908; x_wconf 83' lang='grc'>’</span> <span class='ocrx_word' id='word_1_188' title='bbox 774 2891 776 2898; x_wconf 78' lang='grc'><em>’</em></span> <span class='ocrx_word' id='word_1_189' title='bbox 854 2923 857 2927; x_wconf 95' lang='grc'>-</span> 
     </span>
    </p>
   </div>
   <div class='ocr_carea' id='block_1_4' title="bbox 0 0 975 3546">
    <p class='ocr_par' dir='ltr' id='par_1_5' title="bbox 0 0 975 3546">
     <span class='ocr_line' id='line_1_29' title="bbox 0 0 975 3546; baseline 0 0"><span class='ocrx_word' id='word_1_190' title='bbox 0 0 975 3546; x_wconf 95' lang='lat' dir='ltr'> </span> 
     </span>
    </p>
   </div>
  </div>
 </body>
</html>
