2058 3656
194 246 242 343 ᾧ
348 247 745 320 ’Τη.Βεῑι

252 379 636 449 CATHARINAE
676 373 896 450 TEXEAE

307 482 309 494 '
387 473 777 536 uuuutxeusts:

265 616 317 671 isio
334 614 394 686 quit
406 613 490 682 iaceat
505 618 568 670 loco
585 614 702 684 sepultus

265 699 366 756 sorsat
379 701 445 755 scite
460 701 554 771 cupit,
571 697 686 770 benigne
698 697 802 756 leilott

262 787 347 858 Atqui
361 789 387 842 id
403 788 489 842 dicere
498 784 658 856 perlibenter
674 799 780 854 optem.

267 877 319 928 Sed
338 889 392 944 quo
411 872 522 925 nomine
539 872 616 924 debet
634 869 728 925 vocati

213 1001 215 1011 ,
266 957 402 1027 Quicquid
420 958 473 1011 hoc
491 958 595 1010 tumulo
612 958 676 1009 latet
692 956 850 1025 sepulum,

265 1043 340 1096 Scire
357 1043 447 1109 iudico
462 1042 607 1113 quemlibet
619 1041 738 1112 sagacem

262 1131 391 1195 Nullum,
409 1131 436 1182 ἃ
451 1128 595 1198 quemlibet
613 1127 735 1180 omnium
755 1127 893 1196 petitum

264 1215 334 1270 Nam
349 1215 368 1266 fi
387 1230 424 1269 ex
436 1230 550 1282 corpore
567 1211 681 1278 iudicare
696 1213 789 1266 sexum

263 1302 368 1362 Decet,
387 1299 475 1368 Virgo
488 1301 551 1352 latet
568 1299 708 1368 sepulchro
727 1298 756 1354 iu
771 1298 836 1358 isto.

263 1385 300 1437 At
317 1401 429 1454 quanam
445 1383 549 1437 ratione
565 1385 711 1455 nuncupari

262 1471 350 1524 Debet
367 1469 490 1534 soemina‚
506 1486 586 1540 quam
602 1469 700 1524 timore
717 1487 799 1526 nemo

262 1557 405 1610 Turbatam
425 1555 532 1620 nimio,
545 1569 590 1609 aut
604 1557 697 1610 dolote
711 1555 802 1611 vidit?

262 1645 351 1698 Nemo
366 1641 535 1713 prosperiore
551 1642 622 1695 sorte
641 1641 735 1696 abuti?
788 1655 792 1666 ·

261 1730 350 1797 Loqui
366 1745 466 1793 nemo,
482 1728 529 1780 ubi
545 1727 663 1782 foemina
679 1729 846 1788 tacendum?

262 1815 368 1872 Nemo,
382 1830 443 1866 cum
458 1811 546 1866 decuit
560 1814 655 1881 loqui,
671 1815 780 1868 tacete?

260 1897 368 1952 Cborot
386 1915 466 1953 nemo
479 1897 554 1968 sequi
568 1915 662 1968 parum
678 1901 789 1970 pudicos
799 1899 815 1953 1

262 1986 352 2039 Nemo
368 2001 463 2039 ornare
479 2001 584 2040 comam
602 2001 694 2052 parum
710 1987 867 2056 pudenter?

223 2104 228 2114 ·
262 2073 352 2124 Nemo
369 2071 499 2125 accersere
517 2070 664 2139 pharmacis
681 2073 811 2137 coloret,

263 2155 335 2208 iii-nc
348 2154 452 2209 vibrare
467 2158 563 2209 oculos
578 2156 604 2209 δι
620 2155 682 2208 inde
700 2155 805 2212 nemo?

203 2265 206 2273 ν
261 2240 350 2302 Nemo
367 2240 449 2293 verba
464 2240 539 2308 loqui
553 2243 657 2309 petulca
672 2242 751 2296 vidit.

180 2379 183 2388 ,
261 2326 332 2395 Ergo
353 2323 397 2377 vir
413 2324 473 2378 suit.
491 2326 527 2377 At
542 2325 632 2379 virum
649 2341 749 2382 vocate

262 2411 323 2476 Qua
339 2411 413 2462 decet
430 2409 554 2475 rarione,
570 2410 614 2462 cui
633 2409 721 2465 virilis

260 2495 307 2548 llla
321 2493 443 2562 corporis
460 2494 497 2547 est
516 2509 608 2564 negata
626 2495 735 2550 forma?

259 2580 331 2648 Ergo
346 2580 559 2649 utrumquefuit.
578 2579 666 2635 Fuisse
679 2598 748 2638 veto
768 2612 770 2616 Α

260 2662 315 2712 Cur
329 2677 469 2733 utrumque
486 2678 598 2732 putem,
613 2670 686 2736 quod
703 2667 755 2722 effe
771 2679 905 2730 neutrum

258 2743 401 2804 Probarum
417 2748 479 2801 sarit
497 2747 686 2820 est,superque
700 2753 789 2808 nobis.

258 2831 334 2900 Diva
348 2846 413 2905 ergo
431 2832 503 2900 suit,
517 2836 598 2890 ultera
612 2849 658 2890 aut
673 2837 820 2902 Minerva,

771 3027 773 3032 Ι
875 2923 963 2997 nm
