<?xml version="1.0" encoding="UTF-8"?>
<!DOCTYPE html PUBLIC "-//W3C//DTD XHTML 1.0 Transitional//EN"
    "http://www.w3.org/TR/xhtml1/DTD/xhtml1-transitional.dtd">
<html xmlns="http://www.w3.org/1999/xhtml" xml:lang="en" lang="en">
 <head>
  <title>
</title>
<meta http-equiv="Content-Type" content="text/html;charset=utf-8" />
  <meta name='ocr-system' content='tesseract 3.04.00' />
  <meta name='ocr-capabilities' content='ocr_page ocr_carea ocr_par ocr_line ocrx_word'/>
</head>
<body>
  <div class='ocr_page' id='page_1' title='image "amoenitatespoet00janugoog_0131.png"; bbox 0 0 1890 3546; ppageno 0'>
   <div class='ocr_carea' id='block_1_1' title="bbox 133 223 658 322">
    <p class='ocr_par' dir='ltr' id='par_1_1' title="bbox 121 223 658 322">
     <span class='ocr_line' id='line_1_1' title="bbox 133 223 658 322; baseline -0.009 -25.112"><span class='ocrx_word' id='word_1_1' title='bbox 133 223 198 322; x_wconf 50' lang='grc' dir='ltr'>ιβ</span> <span class='ocrx_word' id='word_1_2' title='bbox 364 226 658 295; x_wconf 76' lang='lat' dir='ltr'>Munnrr</span> 
     </span>
    </p>
   </div>
   <div class='ocr_carea' id='block_1_2' title="bbox 120 322 895 1806">
    <p class='ocr_par' dir='ltr' id='par_1_2' title="bbox 120 322 895 1806">
     <span class='ocr_line' id='line_1_2' title="bbox 120 322 734 407; baseline -0.013 -14"><span class='ocrx_word' id='word_1_3' title='bbox 120 327 127 336; x_wconf 66' lang='grc'><strong><em>’</em></strong></span> <span class='ocrx_word' id='word_1_4' title='bbox 164 339 188 392; x_wconf 81' lang='grc' dir='ltr'><strong>Α</strong></span> <span class='ocrx_word' id='word_1_5' title='bbox 205 351 247 402; x_wconf 87' lang='lat' dir='ltr'>te,</span> <span class='ocrx_word' id='word_1_6' title='bbox 264 335 285 390; x_wconf 81' lang='lat' dir='ltr'>fi</span> <span class='ocrx_word' id='word_1_7' title='bbox 297 354 348 407; x_wconf 82' lang='lat' dir='ltr'>qua</span> <span class='ocrx_word' id='word_1_8' title='bbox 362 336 428 390; x_wconf 81' lang='lat' dir='ltr'>fides</span> <span class='ocrx_word' id='word_1_9' title='bbox 438 375 446 402; x_wconf 86' lang='lat'><strong>‚</strong></span> <span class='ocrx_word' id='word_1_10' title='bbox 458 352 514 390; x_wconf 88' lang='lat' dir='ltr'>non</span> <span class='ocrx_word' id='word_1_11' title='bbox 528 335 634 389; x_wconf 82' lang='lat' dir='ltr'>aliunde</span> <span class='ocrx_word' id='word_1_12' title='bbox 646 322 734 389; x_wconf 83' lang='lat' dir='ltr'>venir.</span> 
     </span>
     <span class='ocr_line' id='line_1_3' title="bbox 128 416 873 494; baseline -0.008 -16"><span class='ocrx_word' id='word_1_13' title='bbox 128 426 171 478; x_wconf 88' lang='lat' dir='ltr'>Tu</span> <span class='ocrx_word' id='word_1_14' title='bbox 178 440 268 478; x_wconf 81' lang='lat' dir='ltr'>tamen</span> <span class='ocrx_word' id='word_1_15' title='bbox 275 425 359 487; x_wconf 20' lang='lat' dir='ltr'>‚qheul</span> <span class='ocrx_word' id='word_1_16' title='bbox 370 439 495 493; x_wconf 75' lang='lat' dir='ltr'>tanquam</span> <span class='ocrx_word' id='word_1_17' title='bbox 502 424 586 494; x_wconf 83' lang='lat' dir='ltr'>glacie</span> <span class='ocrx_word' id='word_1_18' title='bbox 594 422 753 480; x_wconf 79' lang='lat' dir='ltr'>circumdata</span> <span class='ocrx_word' id='word_1_19' title='bbox 764 416 873 489; x_wconf 71' lang='lat' dir='ltr'>pestus,</span> 
     </span>
     <span class='ocr_line' id='line_1_4' title="bbox 164 509 675 581; baseline -0.002 -18"><span class='ocrx_word' id='word_1_20' title='bbox 164 511 250 564; x_wconf 72' lang='lat' dir='ltr'>Edurd</span> <span class='ocrx_word' id='word_1_21' title='bbox 259 509 358 564; x_wconf 83' lang='lat' dir='ltr'>nostras</span> <span class='ocrx_word' id='word_1_22' title='bbox 367 511 470 580; x_wconf 84' lang='lat' dir='ltr'>respuis</span> <span class='ocrx_word' id='word_1_23' title='bbox 480 511 563 581; x_wconf 86' lang='lat' dir='ltr'>usque</span> <span class='ocrx_word' id='word_1_24' title='bbox 573 527 675 580; x_wconf 87' lang='lat' dir='ltr'>preces.</span> 
     </span>
     <span class='ocr_line' id='line_1_5' title="bbox 127 594 892 668; baseline -0.003 -18"><span class='ocrx_word' id='word_1_25' title='bbox 127 594 184 650; x_wconf 70' lang='lat' dir='ltr'>Effe</span> <span class='ocrx_word' id='word_1_26' title='bbox 194 597 320 667; x_wconf 87' lang='lat' dir='ltr'>quidhoc</span> <span class='ocrx_word' id='word_1_27' title='bbox 329 597 416 652; x_wconf 84' lang='lat' dir='ltr'>dicam</span> <span class='ocrx_word' id='word_1_28' title='bbox 424 600 435 652; x_wconf 76' lang='lat' dir='ltr'>l</span> <span class='ocrx_word' id='word_1_29' title='bbox 443 615 529 668; x_wconf 85' lang='lat' dir='ltr'>neque</span> <span class='ocrx_word' id='word_1_30' title='bbox 539 598 614 650; x_wconf 87' lang='lat' dir='ltr'>enirn</span> <span class='ocrx_word' id='word_1_31' title='bbox 625 596 698 666; x_wconf 83' lang='lat' dir='ltr'>potis</span> <span class='ocrx_word' id='word_1_32' title='bbox 707 595 745 650; x_wconf 80' lang='lat' dir='ltr'>est</span> <span class='ocrx_word' id='word_1_33' title='bbox 755 595 784 649; x_wconf 90' lang='lat' dir='ltr'>in</span> <span class='ocrx_word' id='word_1_34' title='bbox 794 595 892 650; x_wconf 81' lang='lat' dir='ltr'>eodem</span> 
     </span>
     <span class='ocr_line' id='line_1_6' title="bbox 163 683 769 756; baseline -0.002 -19"><span class='ocrx_word' id='word_1_35' title='bbox 163 684 232 738; x_wconf 87' lang='lat' dir='ltr'>Curn</span> <span class='ocrx_word' id='word_1_36' title='bbox 243 686 349 739; x_wconf 85' lang='lat' dir='ltr'>summo</span> <span class='ocrx_word' id='word_1_37' title='bbox 359 685 477 739; x_wconf 75' lang='lat' dir='ltr'>suminus</span> <span class='ocrx_word' id='word_1_38' title='bbox 487 686 586 756; x_wconf 76' lang='lat' dir='ltr'>frigore</span> <span class='ocrx_word' id='word_1_39' title='bbox 597 683 678 738; x_wconf 78' lang='lat' dir='ltr'>ineffe</span> <span class='ocrx_word' id='word_1_40' title='bbox 687 686 769 736; x_wconf 79' lang='lat' dir='ltr'>calor.</span> 
     </span>
     <span class='ocr_line' id='line_1_7' title="bbox 127 770 786 842; baseline -0.006 -17"><span class='ocrx_word' id='word_1_41' title='bbox 127 770 271 826; x_wconf 85' lang='lat' dir='ltr'>Scilicet&amp;</span> <span class='ocrx_word' id='word_1_42' title='bbox 281 790 341 842; x_wconf 80' lang='lat' dir='ltr'>quae</span> <span class='ocrx_word' id='word_1_43' title='bbox 352 789 402 826; x_wconf 82' lang='lat' dir='ltr'>nos</span> <span class='ocrx_word' id='word_1_44' title='bbox 417 770 477 824; x_wconf 86' lang='lat' dir='ltr'>fieri</span> <span class='ocrx_word' id='word_1_45' title='bbox 489 789 545 825; x_wconf 81' lang='lat' dir='ltr'>non</span> <span class='ocrx_word' id='word_1_46' title='bbox 557 771 631 842; x_wconf 83' lang='lat' dir='ltr'>poffe</span> <span class='ocrx_word' id='word_1_47' title='bbox 644 785 786 840; x_wconf 80' lang='lat' dir='ltr'>putamus,</span> 
     </span>
     <span class='ocr_line' id='line_1_8' title="bbox 166 857 828 928; baseline -0.002 -18"><span class='ocrx_word' id='word_1_48' title='bbox 166 857 235 911; x_wconf 88' lang='lat' dir='ltr'>Curn</span> <span class='ocrx_word' id='word_1_49' title='bbox 249 859 330 922; x_wconf 88' lang='lat' dir='ltr'>libet,</span> <span class='ocrx_word' id='word_1_50' title='bbox 348 858 375 911; x_wconf 79' lang='lat' dir='ltr'>dr</span> <span class='ocrx_word' id='word_1_51' title='bbox 393 859 514 928; x_wconf 78' lang='lat' dir='ltr'>quoties,</span> <span class='ocrx_word' id='word_1_52' title='bbox 530 857 635 928; x_wconf 84' lang='lat' dir='ltr'>perficit</span> <span class='ocrx_word' id='word_1_53' title='bbox 649 873 718 910; x_wconf 87' lang='lat' dir='ltr'>unus</span> <span class='ocrx_word' id='word_1_54' title='bbox 735 858 828 909; x_wconf 80' lang='lat' dir='ltr'>Amor.</span> 
     </span>
     <span class='ocr_line' id='line_1_9' title="bbox 126 944 811 1015; baseline -0.004 -18"><span class='ocrx_word' id='word_1_55' title='bbox 126 946 153 997; x_wconf 92' lang='lat' dir='ltr'>ls</span> <span class='ocrx_word' id='word_1_56' title='bbox 170 944 219 997; x_wconf 88' lang='lat' dir='ltr'>tibi</span> <span class='ocrx_word' id='word_1_57' title='bbox 234 963 283 999; x_wconf 87' lang='lat' dir='ltr'>cor</span> <span class='ocrx_word' id='word_1_58' title='bbox 299 946 388 1000; x_wconf 86' lang='lat' dir='ltr'>mixto</span> <span class='ocrx_word' id='word_1_59' title='bbox 407 945 578 1000; x_wconf 81' lang='lat' dir='ltr'>circumdedit</span> <span class='ocrx_word' id='word_1_60' title='bbox 592 944 811 1015; x_wconf 77' lang='lat' dir='ltr'>igne‚geluque‚</span> 
     </span>
     <span class='ocr_line' id='line_1_10' title="bbox 165 1030 792 1102; baseline 0 -18"><span class='ocrx_word' id='word_1_61' title='bbox 165 1031 232 1098; x_wconf 78' lang='lat' dir='ltr'>Quae</span> <span class='ocrx_word' id='word_1_62' title='bbox 246 1030 351 1100; x_wconf 76' lang='lat' dir='ltr'>possent</span> <span class='ocrx_word' id='word_1_63' title='bbox 367 1031 430 1085; x_wconf 82' lang='lat' dir='ltr'>ferri</span> <span class='ocrx_word' id='word_1_64' title='bbox 445 1033 562 1102; x_wconf 76' lang='lat' dir='ltr'>lingula,</span> <span class='ocrx_word' id='word_1_65' title='bbox 581 1031 669 1098; x_wconf 71' lang='lat' dir='ltr'>iundln</span> <span class='ocrx_word' id='word_1_66' title='bbox 686 1043 792 1084; x_wconf 81' lang='lat' dir='ltr'>necant.</span> 
     </span>
     <span class='ocr_line' id='line_1_11' title="bbox 129 1116 725 1191; baseline 0 -20"><span class='ocrx_word' id='word_1_67' title='bbox 129 1116 156 1170; x_wconf 95' lang='grc'>0</span> <span class='ocrx_word' id='word_1_68' title='bbox 170 1122 176 1172; x_wconf 84' lang='lat' dir='ltr'>l</span> <span class='ocrx_word' id='word_1_69' title='bbox 189 1117 272 1188; x_wconf 83' lang='lat' dir='ltr'>igitur</span> <span class='ocrx_word' id='word_1_70' title='bbox 285 1118 380 1190; x_wconf 76' lang='lat' dir='ltr'>glacies</span> <span class='ocrx_word' id='word_1_71' title='bbox 392 1119 490 1189; x_wconf 82' lang='lat' dir='ltr'>quovis</span> <span class='ocrx_word' id='word_1_72' title='bbox 504 1119 638 1173; x_wconf 77' lang='lat' dir='ltr'>ardentior</span> <span class='ocrx_word' id='word_1_73' title='bbox 649 1118 725 1191; x_wconf 78' lang='lat' dir='ltr'>igni,</span> 
     </span>
     <span class='ocr_line' id='line_1_12' title="bbox 145 1200 657 1276; baseline 0.006 -19"><span class='ocrx_word' id='word_1_74' title='bbox 145 1200 147 1206; x_wconf 67' lang='grc'>’</span> <span class='ocrx_word' id='word_1_75' title='bbox 165 1204 193 1257; x_wconf 91' lang='grc' dir='ltr'><strong>Ο</strong></span> <span class='ocrx_word' id='word_1_76' title='bbox 207 1209 213 1258; x_wconf 87' lang='lat'>!</span> <span class='ocrx_word' id='word_1_77' title='bbox 226 1205 296 1275; x_wconf 83' lang='lat' dir='ltr'>ignis</span> <span class='ocrx_word' id='word_1_78' title='bbox 312 1205 406 1274; x_wconf 77' lang='lat' dir='ltr'>quavis</span> <span class='ocrx_word' id='word_1_79' title='bbox 421 1205 543 1275; x_wconf 79' lang='lat' dir='ltr'>stigidior</span> <span class='ocrx_word' id='word_1_80' title='bbox 556 1206 657 1276; x_wconf 82' lang='lat' dir='ltr'>glacie!</span> 
     </span>
     <span class='ocr_line' id='line_1_13' title="bbox 128 1290 809 1362; baseline 0.001 -19"><span class='ocrx_word' id='word_1_81' title='bbox 128 1290 182 1343; x_wconf 80' lang='lat' dir='ltr'>Aur</span> <span class='ocrx_word' id='word_1_82' title='bbox 201 1307 234 1344; x_wconf 88' lang='lat' dir='ltr'>ne</span> <span class='ocrx_word' id='word_1_83' title='bbox 250 1308 294 1346; x_wconf 88' lang='lat' dir='ltr'>rne</span> <span class='ocrx_word' id='word_1_84' title='bbox 311 1293 421 1360; x_wconf 81' lang='lat' dir='ltr'>perdant</span> <span class='ocrx_word' id='word_1_85' title='bbox 440 1306 485 1345; x_wconf 86' lang='lat' dir='ltr'>tua</span> <span class='ocrx_word' id='word_1_86' title='bbox 500 1292 614 1362; x_wconf 83' lang='lat' dir='ltr'>frigora,</span> <span class='ocrx_word' id='word_1_87' title='bbox 630 1291 721 1346; x_wconf 84' lang='lat' dir='ltr'>mitius</span> <span class='ocrx_word' id='word_1_88' title='bbox 738 1307 809 1344; x_wconf 73' lang='lat' dir='ltr'>uret</span> 
     </span>
     <span class='ocr_line' id='line_1_14' title="bbox 163 1376 825 1449; baseline 0 -21"><span class='ocrx_word' id='word_1_89' title='bbox 163 1377 218 1429; x_wconf 73' lang='lat' dir='ltr'>Aur</span> <span class='ocrx_word' id='word_1_90' title='bbox 232 1392 265 1431; x_wconf 83' lang='lat' dir='ltr'>ne</span> <span class='ocrx_word' id='word_1_91' title='bbox 282 1376 406 1443; x_wconf 77' lang='lat' dir='ltr'>flamma,</span> <span class='ocrx_word' id='word_1_92' title='bbox 422 1381 483 1449; x_wconf 86' lang='lat' dir='ltr'>gelu</span> <span class='ocrx_word' id='word_1_93' title='bbox 497 1378 617 1448; x_wconf 81' lang='lat' dir='ltr'>projice,</span> <span class='ocrx_word' id='word_1_94' title='bbox 631 1379 723 1446; x_wconf 83' lang='lat' dir='ltr'>Diva,</span> <span class='ocrx_word' id='word_1_95' title='bbox 739 1391 825 1431; x_wconf 85' lang='lat' dir='ltr'>tuum.</span> 
     </span>
     <span class='ocr_line' id='line_1_15' title="bbox 134 1509 895 1550; baseline 0.007 -5"><span class='ocrx_word' id='word_1_96' title='bbox 134 1509 895 1550; x_wconf 41' lang='lat' dir='ltr'><em>m</em></span> 
     </span>
     <span class='ocr_line' id='line_1_16' title="bbox 341 1612 678 1675; baseline 0.003 -3"><span class='ocrx_word' id='word_1_97' title='bbox 341 1612 369 1672; x_wconf 81' lang='lat' dir='ltr'><em>E</em></span> <span class='ocrx_word' id='word_1_98' title='bbox 388 1612 413 1672; x_wconf 81' lang='lat' dir='ltr'><em>L</em></span> <span class='ocrx_word' id='word_1_99' title='bbox 433 1613 462 1674; x_wconf 88' lang='grc' dir='ltr'><em>Ε</em></span> <span class='ocrx_word' id='word_1_100' title='bbox 483 1613 512 1675; x_wconf 88' lang='lat' dir='ltr'><strong><em>G</em></strong></span> <span class='ocrx_word' id='word_1_101' title='bbox 531 1612 596 1674; x_wconf 81' lang='lat' dir='ltr'>IA</span> <span class='ocrx_word' id='word_1_102' title='bbox 636 1616 678 1674; x_wconf 86' lang='lat' dir='ltr'>X.</span> 
     </span>
     <span class='ocr_line' id='line_1_17' title="bbox 222 1729 799 1806; baseline 0.012 -16"><span class='ocrx_word' id='word_1_103' title='bbox 222 1741 275 1790; x_wconf 72' lang='lat' dir='ltr'>nn</span> <span class='ocrx_word' id='word_1_104' title='bbox 304 1729 339 1792; x_wconf 88' lang='lat' dir='ltr'>F.</span> <span class='ocrx_word' id='word_1_105' title='bbox 365 1729 516 1806; x_wconf 75' lang='lat' dir='ltr'>Vruunr</span> <span class='ocrx_word' id='word_1_106' title='bbox 546 1730 799 1797; x_wconf 74' lang='lat' dir='ltr'>Lonnmuu.</span> 
     </span>
    </p>
   </div>
   <div class='ocr_carea' id='block_1_3' title="bbox 120 1821 895 2302">
    <p class='ocr_par' dir='ltr' id='par_1_3' title="bbox 132 1821 895 2045">
     <span class='ocr_line' id='line_1_18' title="bbox 132 1821 895 1962; baseline 0.007 -19"><span class='ocrx_word' id='word_1_107' title='bbox 132 1821 204 1943; x_wconf 74' lang='lat' dir='ltr'>H</span> <span class='ocrx_word' id='word_1_108' title='bbox 215 1901 253 1940; x_wconf 78' lang='lat' dir='ltr'>nr</span> <span class='ocrx_word' id='word_1_109' title='bbox 264 1886 346 1949; x_wconf 82' lang='lat' dir='ltr'>mihi,</span> <span class='ocrx_word' id='word_1_110' title='bbox 358 1904 405 1942; x_wconf 89' lang='lat' dir='ltr'>cur</span> <span class='ocrx_word' id='word_1_111' title='bbox 421 1886 502 1959; x_wconf 78' lang='lat' dir='ltr'>genio</span> <span class='ocrx_word' id='word_1_112' title='bbox 511 1887 552 1944; x_wconf 79' lang='lat' dir='ltr'>vis</span> <span class='ocrx_word' id='word_1_113' title='bbox 561 1907 605 1944; x_wconf 88' lang='lat' dir='ltr'>me</span> <span class='ocrx_word' id='word_1_114' title='bbox 615 1905 748 1962; x_wconf 77' lang='lat' dir='ltr'>pugnare,</span> <span class='ocrx_word' id='word_1_115' title='bbox 760 1889 895 1960; x_wconf 74' lang='lat' dir='ltr'>Lomeni,</span> 
     </span>
     <span class='ocr_line' id='line_1_19' title="bbox 166 1973 700 2045; baseline 0.011 -19"><span class='ocrx_word' id='word_1_116' title='bbox 166 1974 326 2045; x_wconf 76' lang='lat' dir='ltr'>Naturaeque</span> <span class='ocrx_word' id='word_1_117' title='bbox 337 1973 412 2041; x_wconf 81' lang='lat' dir='ltr'>jubes</span> <span class='ocrx_word' id='word_1_118' title='bbox 428 1975 532 2030; x_wconf 79' lang='lat' dir='ltr'>vertere</span> <span class='ocrx_word' id='word_1_119' title='bbox 543 1975 600 2042; x_wconf 84' lang='lat' dir='ltr'>iura</span> <span class='ocrx_word' id='word_1_120' title='bbox 612 1980 700 2033; x_wconf 73' lang='lat' dir='ltr'>mee?</span> 
     </span>
    </p>

    <p class='ocr_par' dir='ltr' id='par_1_4' title="bbox 130 2059 803 2214">
     <span class='ocr_line' id='line_1_20' title="bbox 130 2059 803 2136; baseline 0.006 -22"><span class='ocrx_word' id='word_1_121' title='bbox 130 2061 232 2114; x_wconf 87' lang='lat' dir='ltr'>Cur-ve</span> <span class='ocrx_word' id='word_1_122' title='bbox 243 2079 336 2129; x_wconf 83' lang='lat' dir='ltr'>parurn</span> <span class='ocrx_word' id='word_1_123' title='bbox 348 2075 433 2130; x_wconf 79' lang='lat' dir='ltr'>gratas</span> <span class='ocrx_word' id='word_1_124' title='bbox 446 2059 563 2129; x_wconf 84' lang='lat' dir='ltr'>impellis</span> <span class='ocrx_word' id='word_1_125' title='bbox 576 2064 656 2136; x_wconf 81' lang='lat' dir='ltr'>durus</span> <span class='ocrx_word' id='word_1_126' title='bbox 668 2064 700 2120; x_wconf 78' lang='lat' dir='ltr'>ed</span> <span class='ocrx_word' id='word_1_127' title='bbox 710 2076 803 2130; x_wconf 63' lang='lat' dir='ltr'>arces.»</span> 
     </span>
     <span class='ocr_line' id='line_1_21' title="bbox 165 2145 717 2214; baseline 0.011 -18"><span class='ocrx_word' id='word_1_128' title='bbox 165 2145 263 2198; x_wconf 77' lang='lat' dir='ltr'>Musica</span> <span class='ocrx_word' id='word_1_129' title='bbox 274 2146 318 2198; x_wconf 91' lang='lat' dir='ltr'>cui</span> <span class='ocrx_word' id='word_1_130' title='bbox 330 2146 414 2197; x_wconf 88' lang='lat' dir='ltr'>solum</span> <span class='ocrx_word' id='word_1_131' title='bbox 426 2147 495 2198; x_wconf 85' lang='lat' dir='ltr'>sacra</span> <span class='ocrx_word' id='word_1_132' title='bbox 506 2147 608 2214; x_wconf 84' lang='lat' dir='ltr'>placere</span> <span class='ocrx_word' id='word_1_133' title='bbox 618 2147 717 2203; x_wconf 75' lang='lat' dir='ltr'>vides?</span> 
     </span>
    </p>

    <p class='ocr_par' dir='ltr' id='par_1_5' title="bbox 120 2229 799 2302">
     <span class='ocr_line' id='line_1_22' title="bbox 120 2229 799 2302; baseline 0.009 -18"><span class='ocrx_word' id='word_1_134' title='bbox 120 2231 200 2284; x_wconf 66' lang='lat' dir='ltr'>Nam</span> <span class='ocrx_word' id='word_1_135' title='bbox 211 2247 261 2284; x_wconf 86' lang='lat' dir='ltr'>nec</span> <span class='ocrx_word' id='word_1_136' title='bbox 271 2229 339 2302; x_wconf 80' lang='lat' dir='ltr'>agris</span> <span class='ocrx_word' id='word_1_137' title='bbox 348 2229 424 2283; x_wconf 82' lang='lat' dir='ltr'>miles</span> <span class='ocrx_word' id='word_1_138' title='bbox 435 2229 509 2296; x_wconf 80' lang='lat' dir='ltr'>fieri,</span> <span class='ocrx_word' id='word_1_139' title='bbox 520 2247 568 2285; x_wconf 86' lang='lat' dir='ltr'>nec</span> <span class='ocrx_word' id='word_1_140' title='bbox 581 2232 693 2286; x_wconf 80' lang='lat' dir='ltr'>idoneus</span> <span class='ocrx_word' id='word_1_141' title='bbox 702 2232 784 2290; x_wconf 84' lang='lat' dir='ltr'>armis</span> <span class='ocrx_word' id='word_1_142' title='bbox 790 2273 799 2302; x_wconf 91' lang='lat'>‚</span> 
     </span>
    </p>
   </div>
   <div class='ocr_carea' id='block_1_4' title="bbox 169 2316 719 2388">
    <p class='ocr_par' dir='ltr' id='par_1_6' title="bbox 169 2316 719 2388">
     <span class='ocr_line' id='line_1_23' title="bbox 169 2316 719 2388; baseline 0.002 -15"><span class='ocrx_word' id='word_1_143' title='bbox 169 2317 221 2373; x_wconf 87' lang='lat' dir='ltr'>Cui</span> <span class='ocrx_word' id='word_1_144' title='bbox 232 2319 313 2372; x_wconf 85' lang='lat' dir='ltr'>semel</span> <span class='ocrx_word' id='word_1_145' title='bbox 328 2316 412 2372; x_wconf 78' lang='lat' dir='ltr'>arrifir</span> <span class='ocrx_word' id='word_1_146' title='bbox 425 2317 520 2374; x_wconf 81' lang='lat' dir='ltr'>mstica</span> <span class='ocrx_word' id='word_1_147' title='bbox 531 2317 589 2373; x_wconf 79' lang='lat' dir='ltr'>vita</span> <span class='ocrx_word' id='word_1_148' title='bbox 597 2357 605 2383; x_wconf 85' lang='lat'>‚</span> <span class='ocrx_word' id='word_1_149' title='bbox 613 2319 719 2388; x_wconf 28' lang='lat' dir='ltr'>‹potest3</span> 
     </span>
    </p>
   </div>
   <div class='ocr_carea' id='block_1_5' title="bbox 111 2404 796 2912">
    <p class='ocr_par' dir='ltr' id='par_1_7' title="bbox 111 2404 796 2912">
     <span class='ocr_line' id='line_1_24' title="bbox 131 2404 793 2477; baseline 0.006 -16"><span class='ocrx_word' id='word_1_150' title='bbox 131 2408 188 2464; x_wconf 80' lang='lat' dir='ltr'>Nec</span> <span class='ocrx_word' id='word_1_151' title='bbox 201 2407 220 2460; x_wconf 79' lang='lat' dir='ltr'>si</span> <span class='ocrx_word' id='word_1_152' title='bbox 234 2423 313 2477; x_wconf 84' lang='lat' dir='ltr'>quem</span> <span class='ocrx_word' id='word_1_153' title='bbox 329 2404 437 2475; x_wconf 85' lang='lat' dir='ltr'>placido</span> <span class='ocrx_word' id='word_1_154' title='bbox 451 2405 603 2460; x_wconf 78' lang='lat' dir='ltr'>nascentem</span> <span class='ocrx_word' id='word_1_155' title='bbox 612 2407 715 2462; x_wconf 87' lang='lat' dir='ltr'>lumine</span> <span class='ocrx_word' id='word_1_156' title='bbox 730 2409 793 2465; x_wconf 87' lang='lat' dir='ltr'>Clio</span> 
     </span>
     <span class='ocr_line' id='line_1_25' title="bbox 119 2492 731 2565; baseline 0 -17"><span class='ocrx_word' id='word_1_157' title='bbox 119 2513 126 2536; x_wconf 68' lang='lat'>¹</span> <span class='ocrx_word' id='word_1_158' title='bbox 165 2493 286 2560; x_wconf 83' lang='lat' dir='ltr'>Viderit,</span> <span class='ocrx_word' id='word_1_159' title='bbox 297 2494 405 2547; x_wconf 81' lang='lat' dir='ltr'>admota</span> <span class='ocrx_word' id='word_1_160' title='bbox 420 2492 616 2565; x_wconf 75' lang='lat' dir='ltr'>contigeritque</span> <span class='ocrx_word' id='word_1_161' title='bbox 633 2511 731 2560; x_wconf 81' lang='lat' dir='ltr'>manu,</span> 
     </span>
     <span class='ocr_line' id='line_1_26' title="bbox 130 2579 778 2651; baseline 0.006 -18"><span class='ocrx_word' id='word_1_162' title='bbox 130 2583 184 2634; x_wconf 78' lang='lat' dir='ltr'>Aut</span> <span class='ocrx_word' id='word_1_163' title='bbox 192 2582 278 2634; x_wconf 86' lang='lat' dir='ltr'>bonus</span> <span class='ocrx_word' id='word_1_164' title='bbox 288 2579 395 2634; x_wconf 87' lang='lat' dir='ltr'>hostiles</span> <span class='ocrx_word' id='word_1_165' title='bbox 405 2597 522 2650; x_wconf 77' lang='lat' dir='ltr'>unquam</span> <span class='ocrx_word' id='word_1_166' title='bbox 531 2581 631 2636; x_wconf 77' lang='lat' dir='ltr'>foedare</span> <span class='ocrx_word' id='word_1_167' title='bbox 644 2596 778 2651; x_wconf 80' lang='lat' dir='ltr'>catervas,</span> 
     </span>
     <span class='ocr_line' id='line_1_27' title="bbox 158 2665 719 2738; baseline 0.012 -21"><span class='ocrx_word' id='word_1_168' title='bbox 158 2665 222 2719; x_wconf 69' lang='lat' dir='ltr'>dut</span> <span class='ocrx_word' id='word_1_169' title='bbox 232 2668 264 2721; x_wconf 83' lang='lat' dir='ltr'>ad</span> <span class='ocrx_word' id='word_1_170' title='bbox 274 2667 343 2722; x_wconf 74' lang='lat' dir='ltr'>seva</span> <span class='ocrx_word' id='word_1_171' title='bbox 352 2665 405 2722; x_wconf 83' lang='lat' dir='ltr'>fori</span> <span class='ocrx_word' id='word_1_172' title='bbox 416 2667 500 2738; x_wconf 77' lang='lat' dir='ltr'>iurgia</span> <span class='ocrx_word' id='word_1_173' title='bbox 510 2684 651 2738; x_wconf 81' lang='lat' dir='ltr'>promptus</span> <span class='ocrx_word' id='word_1_174' title='bbox 660 2670 719 2725; x_wconf 87' lang='lat' dir='ltr'>erit.</span> 
     </span>
     <span class='ocr_line' id='line_1_28' title="bbox 132 2739 776 2829; baseline 0.011 -21"><span class='ocrx_word' id='word_1_175' title='bbox 132 2751 231 2808; x_wconf 82' lang='lat' dir='ltr'>Omnia</span> <span class='ocrx_word' id='word_1_176' title='bbox 241 2752 285 2807; x_wconf 84' lang='lat' dir='ltr'>sed</span> <span class='ocrx_word' id='word_1_177' title='bbox 295 2751 400 2822; x_wconf 79' lang='lat' dir='ltr'>fugiens</span> <span class='ocrx_word' id='word_1_178' title='bbox 410 2753 557 2823; x_wconf 76' lang='lat' dir='ltr'>tranquille</span> <span class='ocrx_word' id='word_1_179' title='bbox 568 2755 678 2814; x_wconf 80' lang='lat' dir='ltr'>inimica</span> <span class='ocrx_word' id='word_1_180' title='bbox 690 2739 776 2829; x_wconf 86' lang='lat' dir='ltr'>quieti</span> 
     </span>
     <span class='ocr_line' id='line_1_29' title="bbox 111 2837 796 2912; baseline 0.007 -16"><span class='ocrx_word' id='word_1_181' title='bbox 111 2899 114 2906; x_wconf 68' lang='grc'><strong>,</strong></span> <span class='ocrx_word' id='word_1_182' title='bbox 162 2837 265 2912; x_wconf 64' lang='grc' dir='ltr'>ΔΙίιίςοτ</span> <span class='ocrx_word' id='word_1_183' title='bbox 275 2837 600 2900; x_wconf 66' lang='lat' dir='ltr'>mndsmolliafilnsuaec</span> <span class='ocrx_word' id='word_1_184' title='bbox 696 2879 701 2884; x_wconf 92' lang='lat'>-</span> <span class='ocrx_word' id='word_1_185' title='bbox 790 2877 796 2886; x_wconf 87' lang='lat'><em>·</em></span> 
     </span>
    </p>
   </div>
   <div class='ocr_carea' id='block_1_6' title="bbox 0 0 950 3546">
    <p class='ocr_par' dir='ltr' id='par_1_8' title="bbox 0 0 950 3546">
     <span class='ocr_line' id='line_1_30' title="bbox 0 0 950 3546; baseline 0 3"><span class='ocrx_word' id='word_1_186' title='bbox 0 0 950 3546; x_wconf 95' lang='lat' dir='ltr'> </span> 
     </span>
    </p>
   </div>
  </div>
 </body>
</html>
