1890 3546
44 233 55 281 ·.
109 214 179 288 126
270 212 704 286 ·PRAE.FATIO.'

105 336 255 399 ceruinam
272 335 376 397 librum
389 356 488 398 meum
505 335 601 399 dicare
619 337 781 399 meditarer:
805 342 868 396 rum

106 451 185 514 ego,
202 431 233 496 id
252 431 332 514 quod
348 450 394 493 res
420 448 498 503 erat,
515 435 633 494 nemini.
653 432 697 494 lbi
724 449 787 494 tum
809 429 868 493 Co·

107 545 170 587 mes
189 523 274 586 valde
292 525 401 586 hortari
419 547 467 587 me
483 529 591 607 coepit,
613 527 664 588 tibi
678 544 710 589 ut
730 548 798 589 eum
816 524 870 586 ins·

93 619 251 688 ⁴criberem
270 642 280 695 3
301 638 464 703 pergratum
485 622 516 682 id
543 623 612 694 ribi,
632 643 742 705 perque
768 641 870 702 accep·

109 732 173 776 tum
197 713 441 797 fore2s1mulque
460 715 556 776 nauus
575 716 689 777 dicendi
712 735 872 798 campum,

110 829 177 868 cum
196 807 250 868 alia
273 808 362 870 multa
385 810 422 869 de
443 826 472 869 te
492 808 774 872 honorificentissime
794 831 873 872 com·

110 923 272 965 memorare
287 904 396 984 coepit,
418 920 480 964 tum
498 924 532 964 ea
550 924 614 986 quae
637 921 669 990 tu
694 907 724 964 in
739 905 873 966 Ludovi-

112 1018 180 1060 cum
193 996 407 1078 Querulum,
428 999 577 1060 hominem
587 1002 739 1082 ¹optimum
755 1000 788 1062 δι
805 999 875 1060 doc·

111 1091 269 1166 fiffimmn,
280 1091 470 1154 institutorem
479 1093 551 1154 olim
563 1111 664 1168 tuum,
678 1091 874 1180 benigniffime

100 1188 147 1248 ,δι
164 1186 254 1248 fecisti
280 1187 460 1268 &quotidie
488 1186 557 1248 facis
581 1201 597 1248 τ’
613 1209 678 1270 quae
700 1187 752 1250 ersi
773 1207 876 1250 omnes

104 1283 227 1361 optime
243 1283 438 1358 noveramus',
453 1302 540 1343 nemo
552 1299 649 1342 tamen
665 1299 741 1355 erat,
757 1283 805 1364 qui
816 1303 877 1342 non

115 1377 146 1435 in
161 1374 286 1438 Comitis
303 1374 340 1436 de
362 1391 411 1435 tua
436 1375 520 1437 laude
543 1377 663 1437 dicentis
688 1377 819 1438 oratione
843 1376 879 1436 li-

100 1469 220 1532 benter
246 1468 446 1552 acquiesceret.
471 1468 556 1550 Quid
576 1469 708 1553 quaeris?
727 1459 806 1532 Cum
826 1468 879 1529 ali·

117 1564 244 1647 quandiu
264 1562 416 1624 reluilatus
436 1561 569 1639 fuiss‘em,
587 1565 696 1626 veritus
717 1584 755 1624 ne
777 1583 880 1646 parum

118 1662 259 1722 decorum
275 1657 423 1719 videretur
439 1655 559 1718 illatam
573 1656 674 1740 pusilla
689 1659 719 1717 in
738 1673 790 1718 tuo
803 1659 880 1718 renti

118 1755 175 1814 viri
192 1751 312 1812 nomine
329 1769 469 1831 apparere
480 1795 490 1822 ,
502 1750 538 1810 ad
550 1768 712 1811 extremum
723 1764 821 1812 tamen
832 1770 881 1812 me

117 1843 283 1930 persuaderi
301 1841 392 1928 pallus
420 1841 483 1906 sum
497 1845 604 1928 equod
626 1847 663 1907 eb
688 1845 782 1919 dico,
805 1844 883 1908 ursi

118 1942 196 2005 forte
213 1963 279 2004 mea
292 1941 344 2002 tibi
364 1961 465 2022 parum
482 1940 649 2022 probabitur
672 1940 805 2015 audacia,
820 1938 884 2001 Co·

120 2058 185 2098 mes
200 2035 263 2119 ipse
272 2055 388 2096 mecum
402 2035 494 2115 culpae
509 2033 638 2095 sustineat
654 2051 775 2116 partem.
788 2033 885 2096 Valde

121 2145 220 2190 autem
237 2143 265 2188 te
287 2147 360 2201 oro,
382 2129 429 2187 vir
455 2125 663 2200 illullriffime,
688 2145 719 2189 ut
740 2128 809 2190 dum
834 2129 887 2190 tibi

121 2223 178 2282 alia
196 2221 328 2304 graviora
344 2219 496 2294 molimur,
512 2218 583 2295 hoc,
602 2222 802 2305 qualecunque
822 2240 888 2284 tan·

123 2315 194 2377 dem
213 2313 272 2388 est,
289 2315 364 2397 aequi
379 2315 507 2397 bonique
526 2312 664 2378 consulas.
680 2314 749 2378 Tibi
766 2322 889 2401 quidem

123 2413 270 2494 integrum
281 2407 341 2485 est,
355 2407 440 2490 hujus
450 2410 540 2472 veluti
556 2409 647 2494 glebae
661 2413 890 2495 apprehensione

124 2524 222 2569 totum
236 2527 358 2590 agrum,
375 2505 419 2567 uti
433 2506 577 2588 optimus,
587 2506 782 2590 maximusque
794 2509 890 2584 est‚li

126 2602 313 2676 collibuerit,
329 2601 485 2664 vindicare.
504 2599 598 2681 Quod
619 2619 650 2662 ut
673 2601 778 2677 facias,
792 2604 891 2666 vehe-

114 2714 243 2758 ..menrer
263 2713 293 2757 te
318 2697 404 2757 etiam
421 2712 507 2777 atque
524 2697 612 2756 etiarn
632 2716 717 2778 rogo.
733 2695 817 2763 Vale.
835 2697 891 2774 Lus

129 2791 228 2867 retiae,
245 2789 273 2853 8.
295 2789 405 2852 calend.
423 2785 670 2871 Dicemb.1552.
