<?xml version="1.0" encoding="UTF-8"?>
<!DOCTYPE html PUBLIC "-//W3C//DTD XHTML 1.0 Transitional//EN"
    "http://www.w3.org/TR/xhtml1/DTD/xhtml1-transitional.dtd">
<html xmlns="http://www.w3.org/1999/xhtml" xml:lang="en" lang="en">
 <head>
  <title>
</title>
<meta http-equiv="Content-Type" content="text/html;charset=utf-8" />
  <meta name='ocr-system' content='tesseract 3.04.00' />
  <meta name='ocr-capabilities' content='ocr_page ocr_carea ocr_par ocr_line ocrx_word'/>
</head>
<body>
  <div class='ocr_page' id='page_1' title='image "amoenitatespoet00janugoog_0133.png"; bbox 0 0 1890 3546; ppageno 0'>
   <div class='ocr_carea' id='block_1_1' title="bbox 1 91 820 2610">
    <p class='ocr_par' dir='ltr' id='par_1_1' title="bbox 1 91 669 187">
     <span class='ocr_line' id='line_1_1' title="bbox 1 91 669 187; baseline -0.004 -23"><span class='ocrx_word' id='word_1_1' title='bbox 1 181 3 187; x_wconf 67' lang='lat'>,</span> <span class='ocrx_word' id='word_1_2' title='bbox 43 115 122 184; x_wconf 60' lang='lat'>140</span> <span class='ocrx_word' id='word_1_3' title='bbox 180 94 407 166; x_wconf 70' lang='lat' dir='ltr'>Munati</span> <span class='ocrx_word' id='word_1_4' title='bbox 444 91 669 164; x_wconf 63' lang='lat' dir='ltr'>Errare.</span> 
     </span>
    </p>

    <p class='ocr_par' dir='ltr' id='par_1_2' title="bbox 50 203 793 346">
     <span class='ocr_line' id='line_1_2' title="bbox 50 203 793 277; baseline -0.007 -17"><span class='ocrx_word' id='word_1_5' title='bbox 50 207 95 260; x_wconf 87' lang='lat' dir='ltr'>Sic</span> <span class='ocrx_word' id='word_1_6' title='bbox 105 224 159 277; x_wconf 86' lang='lat' dir='ltr'>ego</span> <span class='ocrx_word' id='word_1_7' title='bbox 167 207 214 259; x_wconf 80' lang='lat' dir='ltr'>sim</span> <span class='ocrx_word' id='word_1_8' title='bbox 223 245 230 271; x_wconf 88' lang='lat'>,</span> <span class='ocrx_word' id='word_1_9' title='bbox 239 208 371 276; x_wconf 82' lang='lat' dir='ltr'>liceatque</span> <span class='ocrx_word' id='word_1_10' title='bbox 381 206 464 270; x_wconf 85' lang='lat' dir='ltr'>mihi,</span> <span class='ocrx_word' id='word_1_11' title='bbox 476 223 535 259; x_wconf 83' lang='lat' dir='ltr'>mea</span> <span class='ocrx_word' id='word_1_12' title='bbox 546 203 664 274; x_wconf 83' lang='lat' dir='ltr'>Margati</span> <span class='ocrx_word' id='word_1_13' title='bbox 676 242 684 268; x_wconf 91' lang='lat'>,</span> <span class='ocrx_word' id='word_1_14' title='bbox 697 213 793 256; x_wconf 73' lang='lat' dir='ltr'>tecum</span> 
     </span>
     <span class='ocr_line' id='line_1_3' title="bbox 87 293 612 346; baseline -0.004 -1"><span class='ocrx_word' id='word_1_15' title='bbox 87 295 150 346; x_wconf 89' lang='lat' dir='ltr'>Non</span> <span class='ocrx_word' id='word_1_16' title='bbox 161 294 213 346; x_wconf 86' lang='lat' dir='ltr'>alia</span> <span class='ocrx_word' id='word_1_17' title='bbox 225 294 307 346; x_wconf 87' lang='lat' dir='ltr'>vitam</span> <span class='ocrx_word' id='word_1_18' title='bbox 320 295 415 346; x_wconf 83' lang='lat' dir='ltr'>ducere</span> <span class='ocrx_word' id='word_1_19' title='bbox 431 293 502 346; x_wconf 81' lang='lat' dir='ltr'>sorte</span> <span class='ocrx_word' id='word_1_20' title='bbox 516 309 612 345; x_wconf 88' lang='lat' dir='ltr'>meam.</span> 
     </span>
    </p>

    <p class='ocr_par' dir='ltr' id='par_1_3' title="bbox 51 377 770 537">
     <span class='ocr_line' id='line_1_4' title="bbox 51 377 770 447; baseline 0.001 -18"><span class='ocrx_word' id='word_1_21' title='bbox 51 379 87 431; x_wconf 83' lang='lat' dir='ltr'>At</span> <span class='ocrx_word' id='word_1_22' title='bbox 98 392 142 443; x_wconf 84' lang='lat' dir='ltr'>tu,</span> <span class='ocrx_word' id='word_1_23' title='bbox 152 393 279 447; x_wconf 87' lang='lat' dir='ltr'>quantum</span> <span class='ocrx_word' id='word_1_24' title='bbox 291 378 355 432; x_wconf 88' lang='lat' dir='ltr'>inte</span> <span class='ocrx_word' id='word_1_25' title='bbox 366 378 418 443; x_wconf 88' lang='lat' dir='ltr'>est,</span> <span class='ocrx_word' id='word_1_26' title='bbox 429 377 484 434; x_wconf 83' lang='lat' dir='ltr'>alib</span> <span class='ocrx_word' id='word_1_27' title='bbox 497 396 547 432; x_wconf 86' lang='lat' dir='ltr'>nos</span> <span class='ocrx_word' id='word_1_28' title='bbox 558 379 653 432; x_wconf 85' lang='lat' dir='ltr'>ducere</span> <span class='ocrx_word' id='word_1_29' title='bbox 664 389 770 441; x_wconf 82' lang='lat' dir='ltr'>tentas,</span> 
     </span>
     <span class='ocr_line' id='line_1_5' title="bbox 87 463 694 537; baseline 0.003 -23"><span class='ocrx_word' id='word_1_30' title='bbox 87 463 242 535; x_wconf 72' lang='lat' dir='ltr'>Astraeaque</span> <span class='ocrx_word' id='word_1_31' title='bbox 252 466 326 537; x_wconf 86' lang='lat' dir='ltr'>sequi</span> <span class='ocrx_word' id='word_1_32' title='bbox 337 465 463 529; x_wconf 85' lang='lat' dir='ltr'>numina,</span> <span class='ocrx_word' id='word_1_33' title='bbox 473 467 563 524; x_wconf 83' lang='lat' dir='ltr'>Vere,</span> <span class='ocrx_word' id='word_1_34' title='bbox 574 463 658 528; x_wconf 79' lang='lat' dir='ltr'>iubes.</span> <span class='ocrx_word' id='word_1_35' title='bbox 692 497 694 502; x_wconf 69' lang='lat'>,</span> 
     </span>
    </p>

    <p class='ocr_par' dir='ltr' id='par_1_4' title="bbox 50 549 799 701">
     <span class='ocr_line' id='line_1_6' title="bbox 50 549 799 622; baseline 0.004 -21"><span class='ocrx_word' id='word_1_36' title='bbox 50 549 97 612; x_wconf 63' lang='lat' dir='ltr'>Et..</span> <span class='ocrx_word' id='word_1_37' title='bbox 110 549 173 620; x_wconf 87' lang='lat' dir='ltr'>quid</span> <span class='ocrx_word' id='word_1_38' title='bbox 181 590 189 617; x_wconf 87' lang='lat'>,</span> <span class='ocrx_word' id='word_1_39' title='bbox 198 551 239 606; x_wconf 80' lang='lat' dir='ltr'>ais</span> <span class='ocrx_word' id='word_1_40' title='bbox 247 590 255 616; x_wconf 88' lang='lat'><strong>‚</strong></span> <span class='ocrx_word' id='word_1_41' title='bbox 264 552 370 622; x_wconf 78' lang='lat' dir='ltr'>qualo,</span> <span class='ocrx_word' id='word_1_42' title='bbox 383 552 461 605; x_wconf 90' lang='lat' dir='ltr'>molli</span> <span class='ocrx_word' id='word_1_43' title='bbox 472 551 520 604; x_wconf 94' lang='lat' dir='ltr'>tibi</span> <span class='ocrx_word' id='word_1_44' title='bbox 532 550 649 604; x_wconf 82' lang='lat' dir='ltr'>carmine</span> <span class='ocrx_word' id='word_1_45' title='bbox 662 549 799 621; x_wconf 81' lang='lat' dir='ltr'>quondam</span> 
     </span>
     <span class='ocr_line' id='line_1_7' title="bbox 88 635 708 701; baseline -0.003 -12"><span class='ocrx_word' id='word_1_46' title='bbox 88 636 208 691; x_wconf 82' lang='lat' dir='ltr'>Proderit</span> <span class='ocrx_word' id='word_1_47' title='bbox 216 653 261 690; x_wconf 88' lang='lat' dir='ltr'>aut</span> <span class='ocrx_word' id='word_1_48' title='bbox 272 637 395 692; x_wconf 86' lang='lat' dir='ltr'>homines</span> <span class='ocrx_word' id='word_1_49' title='bbox 404 675 412 701; x_wconf 93' lang='lat'>,</span> <span class='ocrx_word' id='word_1_50' title='bbox 422 651 467 691; x_wconf 90' lang='lat' dir='ltr'>aut</span> <span class='ocrx_word' id='word_1_51' title='bbox 477 636 603 691; x_wconf 76' lang='lat' dir='ltr'>cecinill&#39;e</span> <span class='ocrx_word' id='word_1_52' title='bbox 612 637 686 689; x_wconf 84' lang='lat' dir='ltr'>Deos</span> <span class='ocrx_word' id='word_1_53' title='bbox 697 635 708 687; x_wconf 73' lang='grc' dir='ltr'><em>ἒ</em></span> 
     </span>
    </p>

    <p class='ocr_par' dir='ltr' id='par_1_5' title="bbox 50 723 703 881">
     <span class='ocr_line' id='line_1_8' title="bbox 50 723 669 793; baseline -0.002 -16"><span class='ocrx_word' id='word_1_54' title='bbox 50 723 159 784; x_wconf 84' lang='lat' dir='ltr'>Scilicet</span> <span class='ocrx_word' id='word_1_55' title='bbox 170 739 218 784; x_wconf 90' lang='lat' dir='ltr'>ut,</span> <span class='ocrx_word' id='word_1_56' title='bbox 229 726 280 777; x_wconf 88' lang='lat' dir='ltr'>toti</span> <span class='ocrx_word' id='word_1_57' title='bbox 293 724 375 778; x_wconf 82' lang='lat' dir='ltr'>fueris</span> <span class='ocrx_word' id='word_1_58' title='bbox 389 741 450 777; x_wconf 89' lang='lat' dir='ltr'>cum</span> <span class='ocrx_word' id='word_1_59' title='bbox 467 725 553 777; x_wconf 77' lang='lat' dir='ltr'>fabula</span> <span class='ocrx_word' id='word_1_60' title='bbox 567 726 669 793; x_wconf 85' lang='lat' dir='ltr'>vulgo,</span> 
     </span>
     <span class='ocr_line' id='line_1_9' title="bbox 87 811 703 881; baseline 0.006 -19"><span class='ocrx_word' id='word_1_61' title='bbox 87 811 209 881; x_wconf 87' lang='lat' dir='ltr'>Cumque</span> <span class='ocrx_word' id='word_1_62' title='bbox 223 811 274 864; x_wconf 87' lang='lat' dir='ltr'>erit</span> <span class='ocrx_word' id='word_1_63' title='bbox 290 811 320 864; x_wconf 91' lang='lat' dir='ltr'>in</span> <span class='ocrx_word' id='word_1_64' title='bbox 337 814 416 865; x_wconf 87' lang='lat' dir='ltr'>vultu</span> <span class='ocrx_word' id='word_1_65' title='bbox 429 812 544 880; x_wconf 88' lang='lat' dir='ltr'>plurima</span> <span class='ocrx_word' id='word_1_66' title='bbox 560 826 624 880; x_wconf 79' lang='lat' dir='ltr'>ruga</span> <span class='ocrx_word' id='word_1_67' title='bbox 638 825 703 866; x_wconf 84' lang='lat' dir='ltr'>ruo:</span> 
     </span>
    </p>

    <p class='ocr_par' dir='ltr' id='par_1_6' title="bbox 49 894 671 1054">
     <span class='ocr_line' id='line_1_10' title="bbox 49 894 671 968; baseline -0.002 -17"><span class='ocrx_word' id='word_1_68' title='bbox 49 898 167 954; x_wconf 81' lang='lat' dir='ltr'>Fortiter</span> <span class='ocrx_word' id='word_1_69' title='bbox 181 898 296 963; x_wconf 82' lang='lat' dir='ltr'>esurias,</span> <span class='ocrx_word' id='word_1_70' title='bbox 313 913 343 952; x_wconf 91' lang='lat' dir='ltr'>ut</span> <span class='ocrx_word' id='word_1_71' title='bbox 358 913 386 952; x_wconf 88' lang='lat' dir='ltr'>te</span> <span class='ocrx_word' id='word_1_72' title='bbox 400 900 468 951; x_wconf 85' lang='lat' dir='ltr'>mala</span> <span class='ocrx_word' id='word_1_73' title='bbox 481 911 558 968; x_wconf 73' lang='lat' dir='ltr'>cogat</span> <span class='ocrx_word' id='word_1_74' title='bbox 571 894 671 967; x_wconf 81' lang='lat' dir='ltr'>egestas</span> 
     </span>
     <span class='ocr_line' id='line_1_11' title="bbox 86 984 639 1054; baseline -0.004 -17"><span class='ocrx_word' id='word_1_75' title='bbox 86 986 175 1039; x_wconf 80' lang='lat' dir='ltr'>Multa</span> <span class='ocrx_word' id='word_1_76' title='bbox 184 986 239 1054; x_wconf 83' lang='lat' dir='ltr'>pari</span> <span class='ocrx_word' id='word_1_77' title='bbox 249 1021 264 1042; x_wconf 17' lang='grc' dir='ltr'>,η</span> <span class='ocrx_word' id='word_1_78' title='bbox 273 986 339 1039; x_wconf 82' lang='lat' dir='ltr'>forti</span> <span class='ocrx_word' id='word_1_79' title='bbox 353 1001 409 1038; x_wconf 90' lang='lat' dir='ltr'>non</span> <span class='ocrx_word' id='word_1_80' title='bbox 424 984 546 1053; x_wconf 82' lang='lat' dir='ltr'>patienda</span> <span class='ocrx_word' id='word_1_81' title='bbox 558 985 639 1044; x_wconf 84' lang='lat' dir='ltr'>viro;</span> 
     </span>
    </p>

    <p class='ocr_par' dir='ltr' id='par_1_7' title="bbox 50 1070 795 1226">
     <span class='ocr_line' id='line_1_12' title="bbox 50 1070 795 1141; baseline 0.004 -19"><span class='ocrx_word' id='word_1_82' title='bbox 50 1070 149 1124; x_wconf 68' lang='lat' dir='ltr'>sedari</span> <span class='ocrx_word' id='word_1_83' title='bbox 167 1073 287 1135; x_wconf 82' lang='lat' dir='ltr'>mensas,</span> <span class='ocrx_word' id='word_1_84' title='bbox 305 1072 545 1139; x_wconf 81' lang='lat' dir='ltr'>blandeappellare</span> <span class='ocrx_word' id='word_1_85' title='bbox 561 1085 705 1141; x_wconf 77' lang='lat' dir='ltr'>potentes,</span> <span class='ocrx_word' id='word_1_86' title='bbox 791 1099 795 1110; x_wconf 46' lang='grc' dir='ltr'><strong>ε</strong></span> 
     </span>
     <span class='ocr_line' id='line_1_13' title="bbox 86 1157 643 1226; baseline -0.002 -16"><span class='ocrx_word' id='word_1_87' title='bbox 86 1158 195 1222; x_wconf 79' lang='lat' dir='ltr'>Tollere</span> <span class='ocrx_word' id='word_1_88' title='bbox 210 1157 331 1212; x_wconf 85' lang='lat' dir='ltr'>mentitis</span> <span class='ocrx_word' id='word_1_89' title='bbox 344 1159 463 1211; x_wconf 83' lang='lat' dir='ltr'>laudibus</span> <span class='ocrx_word' id='word_1_90' title='bbox 478 1157 543 1212; x_wconf 83' lang='lat' dir='ltr'>astra</span> <span class='ocrx_word' id='word_1_91' title='bbox 555 1158 643 1226; x_wconf 87' lang='lat' dir='ltr'>super.</span> 
     </span>
    </p>

    <p class='ocr_par' dir='ltr' id='par_1_8' title="bbox 48 1244 796 1401">
     <span class='ocr_line' id='line_1_14' title="bbox 48 1244 796 1314; baseline 0 -18"><span class='ocrx_word' id='word_1_92' title='bbox 48 1244 195 1311; x_wconf 82' lang='lat' dir='ltr'>Quodnisi</span> <span class='ocrx_word' id='word_1_93' title='bbox 215 1247 363 1314; x_wconf 84' lang='lat' dir='ltr'>defiperts,</span> <span class='ocrx_word' id='word_1_94' title='bbox 380 1259 486 1314; x_wconf 85' lang='lat' dir='ltr'>potetas</span> <span class='ocrx_word' id='word_1_95' title='bbox 500 1245 528 1297; x_wconf 89' lang='lat' dir='ltr'>io</span> <span class='ocrx_word' id='word_1_96' title='bbox 544 1248 603 1298; x_wconf 85' lang='lat' dir='ltr'>luce</span> <span class='ocrx_word' id='word_1_97' title='bbox 617 1244 715 1298; x_wconf 79' lang='lat' dir='ltr'>forensi</span> <span class='ocrx_word' id='word_1_98' title='bbox 786 1271 796 1282; x_wconf 65' lang='lat'>=·</span> 
     </span>
     <span class='ocr_line' id='line_1_15' title="bbox 87 1328 737 1401; baseline 0.003 -19"><span class='ocrx_word' id='word_1_99' title='bbox 87 1331 211 1395; x_wconf 84' lang='lat' dir='ltr'>versari,</span> <span class='ocrx_word' id='word_1_100' title='bbox 232 1334 375 1386; x_wconf 87' lang='lat' dir='ltr'>&amp;laudem</span> <span class='ocrx_word' id='word_1_101' title='bbox 393 1349 528 1401; x_wconf 69' lang='lat' dir='ltr'>quarere,</span> <span class='ocrx_word' id='word_1_102' title='bbox 545 1331 662 1401; x_wconf 82' lang='lat' dir='ltr'>opesque</span> <span class='ocrx_word' id='word_1_103' title='bbox 677 1328 737 1384; x_wconf 86' lang='lat' dir='ltr'>tibi.</span> 
     </span>
    </p>

    <p class='ocr_par' dir='ltr' id='par_1_9' title="bbox 50 1407 796 1572">
     <span class='ocr_line' id='line_1_16' title="bbox 50 1407 796 1488; baseline 0 -19"><span class='ocrx_word' id='word_1_104' title='bbox 50 1416 152 1471; x_wconf 85' lang='lat' dir='ltr'>Excute</span> <span class='ocrx_word' id='word_1_105' title='bbox 168 1419 277 1488; x_wconf 84' lang='lat' dir='ltr'>decepta</span> <span class='ocrx_word' id='word_1_106' title='bbox 295 1421 420 1473; x_wconf 83' lang='lat' dir='ltr'>blandum</span> <span class='ocrx_word' id='word_1_107' title='bbox 437 1420 468 1471; x_wconf 88' lang='lat' dir='ltr'>de</span> <span class='ocrx_word' id='word_1_108' title='bbox 490 1432 579 1470; x_wconf 85' lang='lat' dir='ltr'>mente</span> <span class='ocrx_word' id='word_1_109' title='bbox 595 1418 729 1482; x_wconf 82' lang='lat' dir='ltr'>furorem,</span> <span class='ocrx_word' id='word_1_110' title='bbox 794 1407 796 1410; x_wconf 40' lang='lat'>¹</span> 
     </span>
     <span class='ocr_line' id='line_1_17' title="bbox 89 1501 671 1572; baseline 0 -18"><span class='ocrx_word' id='word_1_111' title='bbox 89 1503 145 1569; x_wconf 88' lang='lat' dir='ltr'>Qui</span> <span class='ocrx_word' id='word_1_112' title='bbox 163 1503 232 1568; x_wconf 85' lang='lat' dir='ltr'>tibi,</span> <span class='ocrx_word' id='word_1_113' title='bbox 250 1503 279 1556; x_wconf 83' lang='lat' dir='ltr'>nl</span> <span class='ocrx_word' id='word_1_114' title='bbox 295 1520 409 1568; x_wconf 80' lang='lat' dir='ltr'>caveas,</span> <span class='ocrx_word' id='word_1_115' title='bbox 427 1501 591 1572; x_wconf 83' lang='lat' dir='ltr'>perniciosus</span> <span class='ocrx_word' id='word_1_116' title='bbox 609 1501 671 1556; x_wconf 88' lang='lat' dir='ltr'>erit.</span> 
     </span>
    </p>

    <p class='ocr_par' dir='ltr' id='par_1_10' title="bbox 51 1587 797 1745">
     <span class='ocr_line' id='line_1_18' title="bbox 51 1587 797 1660; baseline 0.008 -22"><span class='ocrx_word' id='word_1_117' title='bbox 51 1587 175 1643; x_wconf 83' lang='lat' dir='ltr'>Advertit</span> <span class='ocrx_word' id='word_1_118' title='bbox 186 1593 271 1643; x_wconf 79' lang='lat' dir='ltr'>tardas</span> <span class='ocrx_word' id='word_1_119' title='bbox 285 1607 332 1660; x_wconf 83' lang='lat' dir='ltr'>qur</span> <span class='ocrx_word' id='word_1_120' title='bbox 324 1590 413 1644; x_wconf 68' lang='lat' dir='ltr'>&#39;retia</span> <span class='ocrx_word' id='word_1_121' title='bbox 426 1589 597 1644; x_wconf 85' lang='lat' dir='ltr'>monentibus</span> <span class='ocrx_word' id='word_1_122' title='bbox 610 1606 700 1656; x_wconf 82' lang='lat' dir='ltr'>aures,</span> <span class='ocrx_word' id='word_1_123' title='bbox 793 1621 797 1627; x_wconf 93' lang='lat'><em>·</em></span> 
     </span>
     <span class='ocr_line' id='line_1_19' title="bbox 88 1646 598 1745; baseline 0.004 -19"><span class='ocrx_word' id='word_1_124' title='bbox 88 1646 207 1728; x_wconf 81' lang='lat' dir='ltr'>Exitium</span> <span class='ocrx_word' id='word_1_125' title='bbox 220 1678 328 1729; x_wconf 79' lang='lat' dir='ltr'>demens</span> <span class='ocrx_word' id='word_1_126' title='bbox 345 1675 452 1730; x_wconf 82' lang='lat' dir='ltr'>fabricat</span> <span class='ocrx_word' id='word_1_127' title='bbox 469 1675 526 1745; x_wconf 84' lang='lat' dir='ltr'>ipse</span> <span class='ocrx_word' id='word_1_128' title='bbox 542 1675 598 1730; x_wconf 84' lang='lat' dir='ltr'>fibi.</span> 
     </span>
    </p>

    <p class='ocr_par' dir='ltr' id='par_1_11' title="bbox 50 1757 796 1921">
     <span class='ocr_line' id='line_1_20' title="bbox 50 1757 796 1833; baseline 0.003 -19"><span class='ocrx_word' id='word_1_129' title='bbox 50 1761 121 1833; x_wconf 81' lang='lat' dir='ltr'>Ergo</span> <span class='ocrx_word' id='word_1_130' title='bbox 135 1779 187 1833; x_wconf 80' lang='lat' dir='ltr'>ego</span> <span class='ocrx_word' id='word_1_131' title='bbox 204 1777 234 1818; x_wconf 90' lang='lat' dir='ltr'>ut</span> <span class='ocrx_word' id='word_1_132' title='bbox 245 1763 340 1817; x_wconf 87' lang='lat' dir='ltr'>hirsuti</span> <span class='ocrx_word' id='word_1_133' title='bbox 356 1763 470 1820; x_wconf 78' lang='lat' dir='ltr'>verbosa</span> <span class='ocrx_word' id='word_1_134' title='bbox 480 1763 623 1816; x_wconf 87' lang='lat' dir='ltr'>volumina</span> <span class='ocrx_word' id='word_1_135' title='bbox 634 1757 708 1816; x_wconf 82' lang='lat' dir='ltr'>Baldi</span> <span class='ocrx_word' id='word_1_136' title='bbox 793 1785 796 1790; x_wconf 95' lang='lat'>·</span> 
     </span>
     <span class='ocr_line' id='line_1_21' title="bbox 86 1851 628 1921; baseline 0.002 -19"><span class='ocrx_word' id='word_1_137' title='bbox 86 1851 125 1902; x_wconf 90' lang='lat' dir='ltr'>Ut</span> <span class='ocrx_word' id='word_1_138' title='bbox 138 1851 237 1903; x_wconf 86' lang='lat' dir='ltr'>discam</span> <span class='ocrx_word' id='word_1_139' title='bbox 254 1853 346 1921; x_wconf 78' lang='lat' dir='ltr'>leget,</span> <span class='ocrx_word' id='word_1_140' title='bbox 362 1853 376 1905; x_wconf 90' lang='lat' dir='ltr'>J</span> <span class='ocrx_word' id='word_1_141' title='bbox 380 1851 526 1915; x_wconf 83' lang='lat' dir='ltr'>ulhnrane,</span> <span class='ocrx_word' id='word_1_142' title='bbox 545 1852 628 1903; x_wconf 78' lang='lat' dir='ltr'>tuas?</span> 
     </span>
    </p>

    <p class='ocr_par' dir='ltr' id='par_1_12' title="bbox 50 1935 737 2003">
     <span class='ocr_line' id='line_1_22' title="bbox 50 1935 737 2003; baseline 0 -15"><span class='ocrx_word' id='word_1_143' title='bbox 50 1935 191 1988; x_wconf 85' lang='lat' dir='ltr'>Dediscam</span> <span class='ocrx_word' id='word_1_144' title='bbox 202 1937 287 1988; x_wconf 84' lang='lat' dir='ltr'>teneri</span> <span class='ocrx_word' id='word_1_145' title='bbox 300 1938 479 1989; x_wconf 81' lang='lat' dir='ltr'>modulamina</span> <span class='ocrx_word' id='word_1_146' title='bbox 493 1937 586 1988; x_wconf 88' lang='lat' dir='ltr'>blanda</span> <span class='ocrx_word' id='word_1_147' title='bbox 596 1935 737 2003; x_wconf 58' lang='lat' dir='ltr'>propotu</span> 
     </span>
    </p>

    <p class='ocr_par' dir='ltr' id='par_1_13' title="bbox 55 2019 698 2083">
     <span class='ocr_line' id='line_1_23' title="bbox 55 2019 698 2083; baseline 0.011 -14"><span class='ocrx_word' id='word_1_148' title='bbox 55 2048 56 2054; x_wconf 65' lang='lat'><em>=</em></span> <span class='ocrx_word' id='word_1_149' title='bbox 89 2019 228 2071; x_wconf 88' lang='lat' dir='ltr'>Dediscam</span> <span class='ocrx_word' id='word_1_150' title='bbox 240 2036 384 2083; x_wconf 84' lang='lat' dir='ltr'>numeros,</span> <span class='ocrx_word' id='word_1_151' title='bbox 397 2023 467 2073; x_wconf 88' lang='lat' dir='ltr'>culte</span> <span class='ocrx_word' id='word_1_152' title='bbox 477 2022 602 2080; x_wconf 83' lang='lat' dir='ltr'>Tibulle,</span> <span class='ocrx_word' id='word_1_153' title='bbox 616 2036 678 2074; x_wconf 79' lang='lat' dir='ltr'>tuot</span> <span class='ocrx_word' id='word_1_154' title='bbox 692 2026 698 2076; x_wconf 93' lang='lat'><strong>!</strong></span> 
     </span>
    </p>

    <p class='ocr_par' dir='ltr' id='par_1_14' title="bbox 51 2103 796 2260">
     <span class='ocr_line' id='line_1_24' title="bbox 51 2103 796 2172; baseline 0.009 -15"><span class='ocrx_word' id='word_1_155' title='bbox 51 2103 95 2157; x_wconf 77' lang='lat' dir='ltr'>Ab</span> <span class='ocrx_word' id='word_1_156' title='bbox 105 2107 112 2157; x_wconf 86' lang='lat' dir='ltr'>l</span> <span class='ocrx_word' id='word_1_157' title='bbox 123 2119 230 2171; x_wconf 85' lang='lat' dir='ltr'>pettam</span> <span class='ocrx_word' id='word_1_158' title='bbox 245 2105 338 2172; x_wconf 79' lang='lat' dir='ltr'>priris,</span> <span class='ocrx_word' id='word_1_159' title='bbox 353 2106 380 2158; x_wconf 79' lang='lat' dir='ltr'>dt</span> <span class='ocrx_word' id='word_1_160' title='bbox 390 2105 463 2157; x_wconf 79' lang='lat' dir='ltr'>sevo</span> <span class='ocrx_word' id='word_1_161' title='bbox 475 2121 518 2158; x_wconf 89' lang='lat' dir='ltr'>me</span> <span class='ocrx_word' id='word_1_162' title='bbox 529 2105 640 2159; x_wconf 83' lang='lat' dir='ltr'>fulmine</span> <span class='ocrx_word' id='word_1_163' title='bbox 651 2106 756 2164; x_wconf 52' lang='lat' dir='ltr'>radium*</span> <span class='ocrx_word' id='word_1_164' title='bbox 793 2141 796 2149; x_wconf 30' lang='grc' dir='ltr'><strong><em>Δ</em></strong></span> 
     </span>
     <span class='ocr_line' id='line_1_25' title="bbox 89 2189 661 2260; baseline 0.005 -18"><span class='ocrx_word' id='word_1_165' title='bbox 89 2189 188 2242; x_wconf 85' lang='lat' dir='ltr'>Trudat</span> <span class='ocrx_word' id='word_1_166' title='bbox 200 2189 228 2242; x_wconf 89' lang='lat' dir='ltr'>iu</span> <span class='ocrx_word' id='word_1_167' title='bbox 238 2190 359 2244; x_wconf 84' lang='lat' dir='ltr'>obscuras</span> <span class='ocrx_word' id='word_1_168' title='bbox 370 2191 475 2259; x_wconf 86' lang='lat' dir='ltr'>Jupiter</span> <span class='ocrx_word' id='word_1_169' title='bbox 485 2191 542 2260; x_wconf 81' lang='lat' dir='ltr'>ipse</span> <span class='ocrx_word' id='word_1_170' title='bbox 554 2193 661 2245; x_wconf 89' lang='lat' dir='ltr'>domos.</span> 
     </span>
    </p>

    <p class='ocr_par' dir='ltr' id='par_1_15' title="bbox 53 2276 820 2436">
     <span class='ocr_line' id='line_1_26' title="bbox 53 2276 820 2349; baseline 0.017 -20"><span class='ocrx_word' id='word_1_171' title='bbox 53 2276 143 2345; x_wconf 86' lang='lat' dir='ltr'>Quam</span> <span class='ocrx_word' id='word_1_172' title='bbox 154 2277 348 2334; x_wconf 81' lang='lat' dir='ltr'>meliusdulces</span> <span class='ocrx_word' id='word_1_173' title='bbox 359 2279 473 2332; x_wconf 80' lang='lat' dir='ltr'>domina</span> <span class='ocrx_word' id='word_1_174' title='bbox 487 2281 516 2332; x_wconf 88' lang='lat' dir='ltr'>in</span> <span class='ocrx_word' id='word_1_175' title='bbox 528 2281 714 2349; x_wconf 82' lang='lat' dir='ltr'>complexibus</span> <span class='ocrx_word' id='word_1_176' title='bbox 729 2299 820 2342; x_wconf 81' lang='lat' dir='ltr'>annos</span> 
     </span>
     <span class='ocr_line' id='line_1_27' title="bbox 89 2364 629 2436; baseline 0.011 -20"><span class='ocrx_word' id='word_1_177' title='bbox 89 2364 207 2425; x_wconf 84' lang='lat' dir='ltr'>Ponere.</span> <span class='ocrx_word' id='word_1_178' title='bbox 219 2367 247 2418; x_wconf 76' lang='grc' dir='ltr'>δι</span> <span class='ocrx_word' id='word_1_179' title='bbox 260 2365 288 2418; x_wconf 90' lang='lat' dir='ltr'>in</span> <span class='ocrx_word' id='word_1_180' title='bbox 302 2382 363 2419; x_wconf 88' lang='lat' dir='ltr'>caro</span> <span class='ocrx_word' id='word_1_181' title='bbox 377 2366 446 2436; x_wconf 79' lang='lat' dir='ltr'>saepe</span> <span class='ocrx_word' id='word_1_182' title='bbox 461 2366 545 2434; x_wconf 82' lang='lat' dir='ltr'>iacere</span> <span class='ocrx_word' id='word_1_183' title='bbox 556 2367 629 2422; x_wconf 89' lang='lat' dir='ltr'>finu!</span> 
     </span>
    </p>

    <p class='ocr_par' dir='ltr' id='par_1_16' title="bbox 52 2449 819 2610">
     <span class='ocr_line' id='line_1_28' title="bbox 52 2449 819 2528; baseline 0.016 -24"><span class='ocrx_word' id='word_1_184' title='bbox 52 2449 819 2528; x_wconf 77' lang='lat' dir='ltr'>Dispeteam,srquicquidopum,s1quicquidhonorumest,</span> 
     </span>
     <span class='ocr_line' id='line_1_29' title="bbox 90 2537 759 2610; baseline 0.007 -20"><span class='ocrx_word' id='word_1_185' title='bbox 90 2537 219 2610; x_wconf 70' lang='lat' dir='ltr'>Agenore</span> <span class='ocrx_word' id='word_1_186' title='bbox 228 2541 281 2593; x_wconf 89' lang='lat' dir='ltr'>hoc</span> <span class='ocrx_word' id='word_1_187' title='bbox 292 2539 356 2592; x_wconf 80' lang='lat' dir='ltr'>vitae</span> <span class='ocrx_word' id='word_1_188' title='bbox 366 2556 411 2598; x_wconf 86' lang='lat' dir='ltr'>¹me</span> <span class='ocrx_word' id='word_1_189' title='bbox 421 2556 548 2594; x_wconf 78' lang='lat' dir='ltr'>revocare</span> <span class='ocrx_word' id='word_1_190' title='bbox 556 2541 653 2610; x_wconf 84' lang='lat' dir='ltr'>potest.</span> <span class='ocrx_word' id='word_1_191' title='bbox 757 2573 759 2578; x_wconf 95' lang='lat'>·</span> 
     </span>
    </p>
   </div>
   <div class='ocr_carea' id='block_1_2' title="bbox 202 2649 796 2774">
    <p class='ocr_par' dir='ltr' id='par_1_17' title="bbox 202 2649 796 2774">
     <span class='ocr_line' id='line_1_30' title="bbox 202 2649 796 2774; baseline 0.013 -25"><span class='ocrx_word' id='word_1_192' title='bbox 202 2695 494 2774; x_wconf 12' lang='lat' dir='ltr'><em>&#39;ELEGIARUM</em></span> <span class='ocrx_word' id='word_1_193' title='bbox 519 2698 670 2760; x_wconf 76' lang='lat' dir='ltr'>riuis..</span> <span class='ocrx_word' id='word_1_194' title='bbox 757 2737 758 2740; x_wconf 12' lang='lat' dir='ltr'>a</span> <span class='ocrx_word' id='word_1_195' title='bbox 791 2649 796 2676; x_wconf 55' lang='lat'><strong>²</strong></span> 
     </span>
    </p>
   </div>
   <div class='ocr_carea' id='block_1_3' title="bbox 0 0 952 3546">
    <p class='ocr_par' dir='ltr' id='par_1_18' title="bbox 0 0 952 3546">
     <span class='ocr_line' id='line_1_31' title="bbox 0 0 952 3546; baseline 0 0"><span class='ocrx_word' id='word_1_196' title='bbox 0 0 952 3546; x_wconf 95' lang='lat' dir='ltr'> </span> 
     </span>
    </p>
   </div>
  </div>
 </body>
</html>
